
@InProceedings{Gunawi+16-TaxDc-Appear, 
    author = {Haryadi S. Gunawi and Tanakorn Leesatapornwongsa and Shan Lu and Jeffrey F. Lukman},
    title = "{TaxDC: A Comprehensive Taxonomy of Heisenbugs in Cloud Distributed Systems}",
    booktitle = "Proceedings of the 21st International Conference on Architectural Support for Programming Languages and Operating Systems (ASPLOS) (to appear)",
    year = 2016,
}

