% bib conferences

%
% Normal Mode:
% In Symposium of Operating Systems (SOSP), 2013 --- NOT (SOSP '13)
%




@Proceedings{XXX10,
  booktitle = "XXX",
  year = 2010,
}

@Proceedings{INFLOW15,
    booktitle = "Workshop on Interactions of NVM/FLASH with Operating Systems and Workloads (INFLOW)",
    year = 2015,
}


@Proceedings{SAC11,
    booktitle = "Proceedings of the 2011 ACM Symposium on Applied Computing (SAC)",
    year      = 2011, 
}


@Proceedings{ADS05,
  booktitle = "Agent-Directed Simulation (ADS)",
  year    = 2005,
}

@Proceedings{AMAST95,
  booktitle = "4th International Conference on Algebraic Methodology and Software Technology (AMAST)",
  year = 1995,
}

@Proceedings{ASE03,
  booktitle = "18th IEEE/ACM International Conference on Automated Software Engineering (ASE)",
  year = 2003,
}

@Proceedings{ASE07,
  booktitle = "22nd IEEE/ACM International Conference on Automated Software Engineering (ASE)",
  year = 2007,
}

@Proceedings{ASE11,
  booktitle = "26th IEEE/ACM International Conference on Automated Software Engineering (ASE)",
  year = 2011,
}

@Proceedings{ASE13,
  booktitle = "28th IEEE/ACM International Conference on Automated Software Engineering (ASE)",
  year = 2013,
}

@Proceedings{ASPLOS87,
  booktitle = "Proceedings of the 2nd International Conference on Architectural Support for Programming Languages and Operating Systems (ASPLOS)",
  year = 1987,
}

@Proceedings{ASPLOS91,
  booktitle = "Proceedings of the 4th International Conference on Architectural Support for Programming Languages and Operating Systems (ASPLOS)",
  year = 1991,
}

@Proceedings{ASPLOS92,
  booktitle = "Proceedings of the 5th International Conference on Architectural Support for Programming Languages and Operating Systems (ASPLOS)",
  year = 1992,
}

@Proceedings{ASPLOS94,
  Booktitle = "Proceedings of the 6th International Conference on Architectural Support for Programming Languages and Operating Systems (ASPLOS)",
  year = 1994,
}

@Proceedings{ASPLOS96,
  Booktitle = "Proceedings of the 7th International Conference on Architectural Support for Programming Languages and Operating Systems (ASPLOS)",
  year = 1996,
}

@Proceedings{ASPLOS98,
  booktitle = "Proceedings of the 8th International Conference on Architectural Support for Programming Languages and Operating Systems (ASPLOS)",
  year = 1988,
}

@Proceedings{ASPLOS00,
  booktitle = "Proceedings of the 9th International Conference on Architectural Support for Programming Languages and Operating Systems (ASPLOS)",
  year = 2000,
}

@Proceedings{ASPLOS02,
  booktitle = "Proceedings of the 10th International Conference on Architectural Support for Programming Languages and Operating Systems (ASPLOS)",
  year = 2002,
}

@Proceedings{ASPLOS04,
  booktitle = "Proceedings of the 11th International Conference on Architectural Support for Programming Languages and Operating Systems (ASPLOS XI)",
  year = 2004,
}

@Proceedings{ASPLOS06,
  booktitle = "Proceedings of the 12th International Conference on Architectural Support for Programming Languages and Operating Systems (ASPLOS)",
  year = 2006,
}

@Proceedings{ASPLOS08,
  booktitle = "Proceedings of the 13th International Conference on Architectural Support for Programming Languages and Operating Systems (ASPLOS)",
  year = 2008,
}

@Proceedings{ASPLOS09,
  booktitle = "Proceedings of the 14th International Conference on Architectural Support for Programming Languages and Operating Systems (ASPLOS)",
  year = 2009,
}

@Proceedings{ASPLOS10,
  booktitle = "Proceedings of the 15th International Conference on Architectural Support for Programming Languages and Operating Systems (ASPLOS)",
  year = 2010,
}


@Proceedings{ASPLOS11,
  booktitle = "Proceedings of the 16th International Conference on Architectural Support for Programming Languages and Operating Systems (ASPLOS)",
  year = 2011,
}

@Proceedings{ASPLOS12,
  booktitle = "Proceedings of the 17th International Conference on Architectural Support for Programming Languages and Operating Systems (ASPLOS)",
  year = 2012,
}

@Proceedings{ASPLOS13,
  booktitle = "Proceedings of the 18th International Conference on Architectural Support for Programming Languages and Operating Systems (ASPLOS)",
  year = 2013,
}

@Proceedings{ASPLOS14,
  booktitle = "Proceedings of the 18th International Conference on Architectural Support for Programming Languages and Operating Systems (ASPLOS)",
  year = 2014,
}

@Proceedings{ASPLOS15,
  booktitle = "Proceedings of the 20th International Conference on Architectural Support for Programming Languages and Operating Systems (ASPLOS)",
  year = 2015,
}

@Proceedings{ASPLOS16,
  booktitle = "Proceedings of the 21st International Conference on Architectural Support for Programming Languages and Operating Systems (ASPLOS)",
  year = 2016,
}

@Proceedings{ASPLOS16-InSubm,
  booktitle = "Submission to the Proceedings of the 21st International Conference on Architectural Support for Programming Languages and Operating Systems (ASPLOS)",
  year = 2016,
}

@Proceedings{ASPLOS17,
  booktitle = "Proceedings of the 22nd International Conference on Architectural Support for Programming Languages and Operating Systems (ASPLOS)",
  year = 2017,
}



%
% USENIX
% ATC
%

@Proceedings{ATC-SUMMER84,
  booktitle =    {Proceedings of the USENIX Summer Technical Conference (USENIX Summer)},
  year =   {1984},
}

@Proceedings{ATC-SUMMER86,
  booktitle = {Proceedings of the USENIX Summer Technical Conference (USENIX Summer)},
  year = {1986},
}

@Proceedings{ATC-WINTER89,
    booktitle = {Proceedings of the USENIX Winter Technical Conference (USENIX Winter)},
        year = "1989",
}

@Proceedings{ATC-WINTER90,
    booktitle = {Proceedings of the USENIX Winter Technical Conference (USENIX Winter)},
        year = "1990",
}

@Proceedings{ATC-WINTER91,
  booktitle = {Proceedings of the USENIX Winter Technical Conference (USENIX Winter)},
  year      = {1991},
}

@PROCEEDINGS{ATC-WINTER92,
  BOOKTITLE  = {Proceedings of the USENIX Winter Technical Conference (USENIX Winter)},
  YEAR      = {1992},
}

@PROCEEDINGS{ATC-WINTER93,
  booktitle =    "Proceedings of the USENIX Winter Technical Conference (USENIX Winter)",
  year =         "1993",
}

@PROCEEDINGS{ATC-WINTER94,
  booktitle =    "Proceedings of the USENIX Winter Technical Conference (USENIX Winter)",
  year =         "1994",
}

@PROCEEDINGS{ATC-SUMMER94,
  booktitle =    "Proceedings of the USENIX Summer Technical Conference (USENIX Summer)",
  year =         "1994",
}

@PROCEEDINGS{ATC95,
  booktitle =    "Proceedings of the USENIX Annual Technical Conference (USENIX)",
  year =         "1995",
}

@PROCEEDINGS{ATC96,
  booktitle    = {Proceedings of the USENIX Annual Technical Conference (USENIX)},
  year         = "1996",
}

@PROCEEDINGS{ATC97,
  booktitle    = {Proceedings of the USENIX Annual Technical Conference (USENIX)},
  year         = "1997",
}

@PROCEEDINGS{ATC98,
  booktitle = {Proceedings of the USENIX Annual Technical Conference (USENIX)},
  year = {1998},
}

@PROCEEDINGS{ATC99,
  booktitle = {Proceedings of the USENIX Annual Technical Conference (USENIX)},
  year =   {1999},
}

@PROCEEDINGS{ATC00,
  booktitle = "Proceedings of the USENIX Annual Technical Conference (USENIX)", 
  year      = 2000,
}

@PROCEEDINGS{ATC01,
  booktitle = {Proceedings of the USENIX Annual Technical Conference (USENIX)},
  year = 2001,
}

@PROCEEDINGS{ATC02,
  booktitle = {Proceedings of the USENIX Annual Technical Conference (USENIX)},
  year = 2002,
}

@PROCEEDINGS{ATC03,
  booktitle = {Proceedings of the USENIX Annual Technical Conference (USENIX)},
  year = 2003,
}

@PROCEEDINGS{ATC04,
  booktitle = {Proceedings of the USENIX Annual Technical Conference (USENIX)},
  year = 2004,
}

@PROCEEDINGS{ATC05,
  booktitle = {Proceedings of the USENIX Annual Technical Conference (USENIX)},
  year = 2005,
}

@PROCEEDINGS{ATC06,
  booktitle = {Proceedings of the USENIX Annual Technical Conference (ATC)},
  year = 2006,
}

@PROCEEDINGS{ATC07,
  booktitle = {Proceedings of the USENIX Annual Technical Conference (USENIX)},
  year = 2007,
}

@PROCEEDINGS{ATC08,
  booktitle = {Proceedings of the USENIX Annual Technical Conference (ATC)},
  year = 2008,
}

@PROCEEDINGS{ATC09,
  booktitle = {Proceedings of the USENIX Annual Technical Conference (USENIX)},
  year = 2009,
}


@Proceedings{ATC-DSL97,
  booktitle = {Proceedings of the USENIX Conference on Domain-Specific Languages (DSL)}, 
  year = 1997,
}

@Proceedings{ATC-NT00,
  booktitle = "Proceedings of the 4th USENIX Windows Systems Symposium",
  year = 2000,
}


@PROCEEDINGS{ATC10,
  booktitle = {Proceedings of the 2010 USENIX Annual Technical 
              Conference (ATC)},
  year = 2010,
}


@PROCEEDINGS{ATC11,
  booktitle = {Proceedings of the 2011 USENIX Annual Technical Conference (ATC)},
  year = 2011,
}

@PROCEEDINGS{ATC12,
  booktitle = {Proceedings of the 2012 USENIX Annual Technical Conference (ATC)},
  year = 2012,
}

@PROCEEDINGS{ATC13,
  booktitle = {Proceedings of the 2013 USENIX Annual Technical Conference (ATC)},
  year = 2013,
}

@PROCEEDINGS{ATC14,
  booktitle = {Proceedings of the 2014 USENIX Annual Technical Conference (ATC)},
  year = 2014,
}

@PROCEEDINGS{ATC15,
  booktitle = {Proceedings of the 2015 USENIX Annual Technical Conference (ATC)},
  year = 2015,
}

@PROCEEDINGS{ATC16,
  booktitle = {Proceedings of the 2016 USENIX Annual Technical Conference (ATC)},
  year = 2016,
}




% 
% B
% 

@Proceedings{BSDCON02,
  booktitle = "Proceedings of BSDCon 2002 (BSDCon)",
  year = 2002,
}

% CA

@Proceedings{CAV98,
  booktitle = "10th International Conference on Computer Aided Verification (CAV)",
  year      = 1998,
}

@Proceedings{CAV96,
  booktitle = "International Conference on Computer Aided Verification (CAV)",
  year      = 1996,
}



%
% CC
% 

@Proceedings{CC02,
  booktitle = "International Conference on Compiler Construction (CC)",
  year      = 2002,
}



@Proceedings{CCA08,
  booktitle = "Cloud Computing and Its Applications 2008 (CCA)",
  year      = 2008,
}


@Proceedings{CCS93,
  booktitle = "Proceedings of the 1st ACM Conference on Computer and Communications Security (CCS)",
  year = 1993,
}

@Proceedings{CCS94,
  booktitle = "Proceedings of the 2nd ACM Conference on Computer and Communications Security (CCS)",
  year = 1994,
}

@Proceedings{CCS02,
  booktitle = "Proceedings of the 9th ACM Conference on Computer and Communications Security (CCS)",
  year = 2002,
}

@Proceedings{CCS06,
  booktitle = "Proceedings of the 13th ACM Conference on Computer and Communications Security (CCS)",
  year = 2006,
}

@Proceedings{CF14,
  booktitle = "Proceedings of the 11th ACM Conference on Computing Frontiers (CF)",
  year = 2014,
}

@Proceedings{CODES09,
  booktitle = "Proceedings of the 7th IEEE/ACM International Conference on Hardware/Software Codesign and System (CODES+ISSS)",
  year = 2009,
}


@Proceedings{CONEXT10,
  booktitle = "The 6th International Conference on emerging Networking EXperiments and Technologies (CoNEXT)", 
  year = 2010,
}

@Proceedings{CONEXT13,
  booktitle = "The 9th International Conference on emerging Networking EXperiments and Technologies (CoNEXT)", 
  year = 2013,
}


% DISC
@Proceedings{DISC00,
  booktitle = "International Symposium on Distributed Computing (DISC)",
  year      = 2000,
}


% DSN

@Proceedings{DSN00,
  booktitle = "Proceedings of the International Conference on Dependable Systems and Networks (DSN)",
  year = 2000,
}

@Proceedings{DSN01,
  booktitle = "Proceedings of the International Conference on Dependable Systems and Networks (DSN)",
  year = 2001,
}

@Proceedings{DSN02,
  booktitle = "Proceedings of the International Conference on Dependable Systems and Networks (DSN)",
  year = 2002,
}

@Proceedings{DSN03,
  booktitle = "Proceedings of the International Conference on Dependable Systems and Networks (DSN)",
  year = 2003,
}

@Proceedings{DSN05,
  booktitle = "Proceedings of the International Conference on Dependable Systems and Networks (DSN)",
  year = 2005,
}

@Proceedings{DSN06,
  booktitle = "Proceedings of the International Conference on Dependable Systems and Networks (DSN)",
  year = 2006,
}

@Proceedings{DSN08,
 booktitle = "Proceedings of the International Conference on Dependable Systems and Networks (DSN)",
  year = 2008,
}

@Proceedings{DSN09,
 booktitle = "Proceedings of the International Conference on Dependable Systems and Networks (DSN)",
  year = 2009,
}


%
% EASY
%
@InProceedings{EASY01,
  booktitle = "Proceedings of the First Workshop on Evaluating and Architecting System dependabilitY",
  year = 2001,
}


%
% Ecoop
%

@Proceedings{ECOOP04,
  booktitle = "Proceedings of the 18th European Conference on Object-Oriented Programming (ECOOP)",
  year      = {2004},
}

% emsoft

@Proceedings{EMSOFT02,
  booktitle = "Proceedings of the 2nd International Workshop on Embedded Software (EMSOFT)",
  year = 2002,
}

@Proceedings{EMSOFT10,
  booktitle = "Proceedings of the 10th International Conference on Embedded Software (EMSOFT)",
  year = 2010,
}

@Proceedings{EMSOFT13,
  booktitle = "Proceedings of the 13th International Conference on Embedded Software (EMSOFT)",
  year = 2013,
}

% EDBT

@Proceedings{EDBT13,
  booktitle = "Proceedings of the 16th International Conference on Extending Database Technology (EDBT)",
  year = 2013,
}


% EUROSYS

@Proceedings{EUROSYS06,
  booktitle = "Proceedings of the 2006 EuroSys Conference (EuroSys)",
  year = 2006,
}

@Proceedings{EUROSYS07,
  booktitle = "Proceedings of the 2007 EuroSys Conference (EuroSys)",
  year = 2007,
}

@Proceedings{EUROSYS08,
  booktitle = "Proceedings of the 2008 EuroSys Conference (EuroSys)",
  year = 2008,
}

@Proceedings{EUROSYS09,
  booktitle = "Proceedings of the 2009 EuroSys Conference (EuroSys)",
  year = 2009,
}

@Proceedings{EUROSYS10,
  booktitle = "Proceedings of the 2010 EuroSys Conference (EuroSys)",
  year = 2010,
}

@Proceedings{EUROSYS11,
  booktitle = "Proceedings of the 2011 EuroSys Conference (EuroSys)",
  year = 2011,
}

@Proceedings{EUROSYS12,
  booktitle = "Proceedings of the 2012 EuroSys Conference (EuroSys)",
  year = 2012,
}

@Proceedings{EUROSYS13,
  booktitle = "Proceedings of the 2013 EuroSys Conference (EuroSys)",
  year = 2013,
}

@Proceedings{EUROSYS14,
  booktitle = "Proceedings of the 2014 EuroSys Conference (EuroSys)",
  year = 2014,
}

@Proceedings{EUROSYS15,
  booktitle = "Proceedings of the 2015 EuroSys Conference (EuroSys)",
  year = 2015,
}

@Proceedings{EUROSYS16,
  booktitle = "Proceedings of the 2016 EuroSys Conference (EuroSys)",
  year = 2016,
}





% EX

@Proceedings{EXERT10,
  booktitle = "The Exascale Evaluation and Research Techniques Workshop (EXERT)",
  year = 2010,
}



% FAST

@Proceedings{FAST02,
  booktitle = "Proceedings of the 1st USENIX Symposium on File
                  and Storage Technologies (FAST)",
  year = 2002,
}

@Proceedings{FAST03,
  booktitle = "Proceedings of the 2nd USENIX Symposium on File
                  and Storage Technologies (FAST)",
  year = 2003,
}

@Proceedings{FAST04,
  booktitle = "Proceedings of the 3rd USENIX Symposium on File
                  and Storage Technologies (FAST)",
  year = 2004,
}

@Proceedings{FAST05,
  booktitle = "Proceedings of the 4th USENIX Symposium on File
                  and Storage Technologies (FAST)",
  year = 2005,
}

@Proceedings{FAST07,
  booktitle = "Proceedings of the 5th USENIX Symposium on File
                  and Storage Technologies (FAST)",
  year = 2007,
}

@Proceedings{FAST08,
  booktitle = "Proceedings of the 6th USENIX Symposium on File
                  and Storage Technologies (FAST)",
  year = 2008,
}

@Proceedings{FAST09,
  booktitle = "Proceedings of the 7th USENIX Symposium on File
                  and Storage Technologies (FAST)",
  year = 2009,
}

@Proceedings{FAST10,
  booktitle = "Proceedings of the 8th USENIX Symposium on File
                  and Storage Technologies (FAST)",
  year = 2010,
}

@Proceedings{FAST11,
  booktitle = "Proceedings of the 9th USENIX Symposium on File
                  and Storage Technologies (FAST)",
  year = 2011,
}

@Proceedings{FAST12,
  booktitle = "Proceedings of the 10th USENIX Symposium on File
                  and Storage Technologies (FAST)",
  year = 2012,
}

@Proceedings{FAST13,
  booktitle = "Proceedings of the 11th USENIX Symposium on File
                  and Storage Technologies (FAST)",
  year = "2013",
}

@Proceedings{FAST14,
  booktitle = "Proceedings of the 12th USENIX Symposium on File
                  and Storage Technologies (FAST)",
  year = "2014",
}

@Proceedings{FAST15,
  booktitle = "Proceedings of the 13th USENIX Symposium on File
                  and Storage Technologies (FAST)",
  year = "2015",
}

@Proceedings{FAST16-InSubm,
  booktitle = "Submission to the Proceedings of the 14th USENIX Symposium on File and Storage Technologies (FAST)",
  year = "2016",
}

@Proceedings{FAST16,
  booktitle = "Proceedings of the 14th USENIX Symposium on File
                  and Storage Technologies (FAST)",
  year = "2016",
}

@Proceedings{FAST17,
  booktitle = "Proceedings of the 15th USENIX Symposium on File
                  and Storage Technologies (FAST)",
  year = "2017",
}



@Proceedings{FASTWIP05,
  booktitle = "A Work in Progress at the Proceedings of the 4th USENIX Symposium on File and Storage Technologies (FAST-WIP)",
  year = {2005},
}



@Proceedings{FOCS96,
  booktitle = "The 37th Annual Symposium on Foundations of Computer Science (FOCS)",
  year = {1996},
}



@PROCEEDINGS{FREENIX01,
  booktitle = {Proceedings of the USENIX Annual Technical Conference (FREENIX Track)},
  year = 2001,
}

@Proceedings{FREENIX02,
  booktitle =    "Proceedings of the USENIX Annual Technical Conference (FREENIX Track)",
  year =   2002,
}

@Proceedings{FSE00,
  booktitle = "Proceedings of the 8th ACM SIGSOFT international symposium on Foundations of software engineering (FSE)",
  year = 2000,
}

@Proceedings{FSE11,
  booktitle = "Proceedings of the 19th ACM SIGSOFT international symposium on Foundations of software engineering (FSE)",
  year = 2011,
}

@Proceedings{FSE14,
  booktitle = "Proceedings of the 22nd ACM SIGSOFT international symposium on Foundations of software engineering (FSE)",
  year = 2014,
}



@Proceedings{FTCS21,
  booktitle = "Proceedings of the 21st International Symposium on Fault-Tolerant Computing (FTCS-21)",
  year = {1991},
}

@Proceedings{FTCS23,
  booktitle = "Proceedings of the 23rd International Symposium on Fault-Tolerant Computing (FTCS-23)",
  year = 1993,
}

@Proceedings{FTCS28,
  booktitle = "Proceedings of the 28th International Symposium on Fault-Tolerant Computing (FTCS-21)",
  year = {1998},
}

@Proceedings{FTCS29,
  booktitle = "Proceedings of the 29th International Symposium on Fault-Tolerant Computing (FTCS-29)",
  year = 1999,
}



@Proceedings{FTXS15,
  booktitle = "Fault Tolerance for HPC at eXtreme Scale (FTXS-15)",
  year = 2015,
}


% 
% G
% 

@Proceedings{GoogleIO08,
  booktitle = "Google I/O",
  year = 2008,
}


@Proceedings{HASE01,
  booktitle = "The 6th IEEE International Symposium on High-Assurance Systems Engineering (HASE)",
  year = 2001,
}

@Proceedings{HASE14,
  booktitle = "The 15th IEEE International Symposium on High-Assurance Systems Engineering (HASE)",
  year = 2014,
}


% hotdep

@Proceedings{HOTDEP05,
  booktitle = "IEEE 1st Workshop on Hot Topics in System Dependability (HotDep)",
  year = 2005,
}

@Proceedings{HOTDEP06,
  booktitle = "IEEE 2nd Workshop on Hot Topics in System Dependability (HotDep)",
  year = 2006,
}

@Proceedings{HOTDEP07,
  booktitle = "The 3rd Workshop on Hot Topics in System Dependability (HotDep)",
  year = 2007,
}

@Proceedings{HOTDEP09,
  booktitle = "The 5th Workshop on Hot Topics in System Dependability (HotDep)",
  year = 2009,
}

@Proceedings{HOTDEP12,
  booktitle = "The 8th Workshop on Hot Topics in System Dependability (HotDep)",
  year = 2012,
}

% hotnets

@Proceedings{HOTNETS02,
  booktitle    = "The First Workshop on Hot Topics in Networks (HotNets-I)",
  year         = 2002,
}


% HOTCLOUD

@Proceedings{HOTCLOUD09,
  booktitle = "Workshop on Hot Topics in Cloud Computing (HotCloud)",
  year = 2009,
}

@Proceedings{HOTCLOUD10,
  booktitle = "The 2nd Workshop on Hot Topics in Cloud Computing (HotCloud)",
  year = 2010,
}

@Proceedings{HOTCLOUD11,
  booktitle = "The 3rd Workshop on Hot Topics in Cloud Computing (HotCloud)",
  year = 2011,
}

@Proceedings{HOTCLOUD12,
  booktitle = "The 4th USENIX Workshop on Hot Topics in Cloud Computing (HotCloud)",
  year = 2012,
}

@Proceedings{HOTCLOUD13,
  booktitle = "The 5th USENIX Workshop on Hot Topics in Cloud Computing (HotCloud)",
  year = 2013,
}

@Proceedings{HOTCLOUD14,
  booktitle = "The 6th USENIX Workshop on Hot Topics in Cloud Computing (HotCloud)",
  year = 2014,
}

@Proceedings{HOTCLOUD15,
  booktitle = "The 7th USENIX Workshop on Hot Topics in Cloud Computing (HotCloud)",
  year = 2015,
}


% HOTOS


@Proceedings{HOTOS95,
  booktitle    = "The Fifth Workshop on Hot Topics in Operating Systems (HotOS V)",
  year         = 1995,
}

@Proceedings{HOTOS99,
  booktitle    = "The Eighth Workshop on Hot Topics in Operating Systems (HotOS VII)",
  year         = "1999",
}

@Proceedings{HOTOS01,
  booktitle    = "The Eighth Workshop on Hot Topics in Operating Systems (HotOS VIII)",
  year         = 2001,
}

@Proceedings{HOTOS03,
  booktitle    = "The Ninth Workshop on Hot Topics in Operating Systems (HotOS IX)",
  year         = 2003,
}

@Proceedings{HOTOS05,
  booktitle    = "The Tenth Workshop on Hot Topics in Operating Systems (HotOS X)",
  year         = 2005,
} 

@Proceedings{HOTOS07,
  booktitle    = "The Eleventh Workshop on Hot Topics in Operating Systems (HotOS XI)",
  year         = 2007,
}

@Proceedings{HOTOS11,
  booktitle    = "The 13th Workshop on Hot Topics in Operating Systems (HotOS XIII)",
  year         = 2011,
}

% hotpower


@Proceedings{HOTPOWER08,
  booktitle    = "The Workshop on Power-Aware Computing and Systems (HotPower)",
  year         = 2008,
}

@Proceedings{HOTPOWER09,
  booktitle    = "The Workshop on Power-Aware Computing and Systems (HotPower)",
  year         = 2009,
}

@Proceedings{HOTPOWER10,
  booktitle    = "The Workshop on Power-Aware Computing and Systems (HotPower)",
  year         = 2010,
}

@Proceedings{HOTPOWER11,
  booktitle    = "The Workshop on Power-Aware Computing and Systems (HotPower)",
  year         = 2011,
}

@Proceedings{HOTPOWER12,
  booktitle    = "The Workshop on Power-Aware Computing and Systems (HotPower)",
  year         = 2012,
}

@Proceedings{HOTPOWER13,
  booktitle    = "The Workshop on Power-Aware Computing and Systems (HotPower)",
  year         = 2013,
}
                  



%
% HPCA
%

@Proceedings{HPCA98,
  booktitle = {Proceedings of the 4th International Symposium on High Performance Computer Architecture (HPCA-4)},
  year      = {1998},
}

@Proceedings{HPCA99,
  booktitle = {Proceedings of the 5th International Symposium on High Performance Computer Architecture (HPCA-5)},
  year      = {1999},
}

@Proceedings{HPCA05,
  booktitle = {Proceedings of the 11th International Symposium on High Performance Computer Architecture (HPCA-11)},
  year      = {2005},
}

%
% HPDC
% 

@Proceedings{HECFSIO10,
  booktitle = "High-End Computing File Systems and I/O Workshop (HEC FSIO)", 
  year = 2010,
}

@Proceedings{HOTDEP10,
  booktitle = "The 6th Workshop on Hot Topics in System Dependability (HotDep)", 
  year = 2010,
}




@Proceedings{HPDC98,
  booktitle = "Proceedings of the 7th IEEE International Symposium on High Performance Distributed Computing (HPDC)", 
  year = 1998,
}

@Proceedings{HPDC01,
  booktitle = "Proceedings of the 10th IEEE International Symposium on High Performance Distributed Computing (HPDC)",
  year = 2001,
}

@Proceedings{HPDC02,
  booktitle = "Proceedings of the 11th IEEE International Symposium on High Performance Distributed Computing (HPDC)",
  year = 2002,
}

@Proceedings{HPDC03,
  booktitle = "Proceedings of the 12th IEEE International Symposium on High Performance Distributed Computing (HPDC",
  year  = 2003,
}

@Proceedings{HPDC11,
  booktitle = "Proceedings of the 20th IEEE International Symposium on High Performance Distributed Computing (HPDC)",
  year = 2011,
}

@Proceedings{HPDC12,
  booktitle = "Proceedings of the 21st IEEE International Symposium on High Performance Distributed Computing (HPDC)",
  year = 2012,
}

@Proceedings{HPDC13,
  booktitle = "Proceedings of the 22nd IEEE International Symposium on High Performance Distributed Computing (HPDC)",
  year = 2013,
}

@Proceedings{HPDC14,
  booktitle = "Proceedings of the 23rd IEEE International Symposium on High Performance Distributed Computing (HPDC)",
  year = 2014,
}

@Proceedings{HPDC15,
  booktitle = "Proceedings of the 24th IEEE International Symposium on High Performance Distributed Computing (HPDC)",
  year = 2015,
}

@Proceedings{HPDC16,
  booktitle = "Proceedings of the 25th IEEE International Symposium on High Performance Distributed Computing (HPDC)",
  year = 2016,
}




% ICAC
@Proceedings{ICAC06,
  booktitle = "The 3rd IEEE International Conference on Autonomic Computing (ICAC)",
  year      = 2006,
}

@Proceedings{ICAC11,
  booktitle = "The 8th International Conference on Autonomic Computing (ICAC'11)",
  year      = 2011,
}

@Proceedings{ICAC13,
  booktitle = "The 10th International Conference on Autonomic Computing (ICAC'13)",
  year      = 2013,
}

@Proceedings{ICAC14,
  booktitle = "The 11th International Conference on Autonomic Computing (ICAC'14)",
  year      = 2014,
}



% ICCD

@Proceedings{ICCD05,
  booktitle = "Proceedings of the 23rd International Conference on Computer Design (ICCD)",
  year = 2005,
}

@Proceedings{ICCD12,
  booktitle = "Proceedings of the 30th International Conference on Computer Design (ICCD)",
  year = 2012,
}
  

% ICCE

@Proceedings{ICCE12,
  booktitle = "Proceedings of the 4th International Conference on Consumer Electronics (ICCE)",
  year = 2012,
}

%
% ICDCS
%

@Proceedings{ICDCS90,
  booktitle = "International Conference on Distributed Computing Systems (ICDCS)",
  year      = 1990,
}

@Proceedings{ICDCS93,
  booktitle = "International Conference on Distributed Computing Systems (ICDCS)",
  year      = 1993,
}

@Proceedings{ICDCS00,
  booktitle = "International Conference on Distributed Computing Systems (ICDCS)",
  year      = 2000,
}


%ICFEM


@Proceedings{ICFEM04,
  booktitle = "Proceedings of the 6th International Conference on Formal Engineering Methods (ICFEM)",
  year = 2004,
}


% ICSE


@Proceedings{ICSE97,
  booktitle = "Proceedings of the 19th International Conference on Software Engineering (ICSE)",
  year      = "1997",
}

@Proceedings{ICSE00,
  booktitle = "Proceedings of the 22nd International Conference on Software Engineering (ICSE)",
  year = 2000,
}

@Proceedings{ICSE05,
  booktitle = "Proceedings of the 27th International Conference on Software Engineering (ICSE)", 
  year      = 2005,
}

@Proceedings{ICSE10,
  booktitle = "Proceedings of the 32nd International Conference on Software Engineering (ICSE)", 
  year      = 2010,
}

@Proceedings{ICSE13,
  booktitle = "Proceedings of the 35th International Conference on Software Engineering (ICSE)", 
  year      = 2013,
}

@Proceedings{ICSE14,
  booktitle = "Proceedings of the 36th International Conference on Software Engineering (ICSE)", 
  year      = 2014,
}

@Proceedings{ICSE15,
  booktitle = "Proceedings of the 37th International Conference on Software Engineering (ICSE)", 
  year      = 2015,
}


% icde

@Proceedings{ICDE90,
  booktitle = {Proceedings of 6th International Conference on Data Engineering (ICDE)}, 
  year      = {1990},
}

@Proceedings{ICDE10,
 booktitle = "Proceedings of the 26th International Conference on Data Engineering (ICDE)",
         year = 2010,
 }


% ics


@Proceedings{ICS09,
 booktitle = "Proceedings of the 23rd International Conference on Supercomputing (ICS '09)",
     year = 2009,
}


@Proceedings{ICS11,
  booktitle = "Proceedings of the 25th International Conference on Supercomputing (ICS '11)",
  year      = "2011",
}


% ICSoc

@Proceedings{ICSOC10,
 booktitle = "Proceedings of the 8th International Conference on Service Oriented Computing (ICSOC)",
     year = 2010,
}


% icsm

@Proceedings{ICSM11,
 booktitle = "IEEE 27th International Conference on Software Maintenance (ICSM)",
     year = 2011,
}


% ie sp


@Proceedings{IEEESP06,
  booktitle = {IEEE Security and Privacy (SP)},
  year      = 2006,
}


% IISWC

@Proceedings{IISWC08,
  booktitle = {IEEE International Symposium on Workload Characterization (IISWC)},
  year      = 2008,
}





@Proceedings{IOPADS97,
  booktitle = "The 1997 Workshop on Input/Output in Parallel and Distributed Systems (IOPADS)",
  year      = "1997",
}

@Proceedings{IOPADS99,
  booktitle = "The 1999 Workshop on Input/Output in Parallel and Distributed Systems (IOPADS)",
  year      = "1999",
}



@Proceedings{IPDS02,
  booktitle = "Proceedings of the International Conference on Dependable Systems and Networks (DSN-2002)",
  year =      2001,
}





% IN

@Proceedings{INFOCOMM01,
  booktitle = "INFOCOMM",
  year =      2001,
}

@Proceedings{INFOCOM10,
  booktitle = "The 29th IEEE International Conference on Computer Communications (INFOCOM)",
  year = 2010,
}

@Proceedings{INFOCOM11,
  booktitle = "The 30th IEEE International Conference on Computer Communications (INFOCOM)",
  year = 2011,
}

%
% ISCA
%

@Proceedings{ISCA90,
  Booktitle = "Proceedings of the 17th Annual International Symposium on Computer Architecture (ISCA)",
  Year = {1992},
}

@Proceedings{ISCA92,
  Booktitle = "Proceedings of the 19th Annual International Symposium on Computer Architecture (ISCA)",
  Year = {1992},
}

@Proceedings{ISCA93,
  Booktitle = "Proceedings of the 20th Annual International Symposium on Computer Architecture (ISCA)",
    year = "1993",
 }

@Proceedings{ISCA94,
  booktitle = "Proceedings of the 21st Annual International Symposium on Computer Architecture (ISCA)",
  year = {1994},
}

@Proceedings{ISCA95,
  booktitle = "Proceedings of the 22nd Annual International Symposium on Computer Architecture (ISCA)",
  year = {1995},
}

@Proceedings{ISCA97,
  booktitle = {Proceedings of the 24th Annual International Symposium on Computer Architecture (ISCA)},
  year = {1997},
}

@Proceedings{ISCA98,
  booktitle = "Proceedings of the 25th Annual International Symposium on Computer Architecture (ISCA)",
  year = {1998},
}

@Proceedings{ISCA01,
  booktitle = "Proceedings of the 28th Annual International Symposium on Computer Architecture (ISCA)",
  year = {2001},
}

@Proceedings{ISCA04,
  booktitle = "Proceedings of the 31st Annual International Symposium on Computer Architecture (ISCA)",
  year = {2004},
}

@Proceedings{ISCA05,
  booktitle = "Proceedings of the 32nd Annual International Symposium on Computer Architecture (ISCA)",
  year = {2005},
}

@Proceedings{ISCA09,
  booktitle = "Proceedings of the 36th Annual International Symposium on Computer Architecture (ISCA)",
  year = {2009},
}


@Proceedings{ISCA13,
  booktitle = "Proceedings of the 40th Annual International Symposium on Computer Architecture (ISCA)",
  year = {2013},
}


% ISPASS

@Proceedings{ISPASS11,
  booktitle = "IEEE International Symposium on Performance Analysis of Systems and Software (ISPASS)",
  year      = 2011,
}


% ISSR


@Proceedings{ISSRE96,
  booktitle = "Proceedings of the IEEE International Symposium on Software Reliability (ISSRE)",
   year = "1996",
}

@Proceedings{ISSRE07,
  booktitle = "Proceedings of the IEEE International Symposium on Software Reliability (ISSRE)",
   year = 2007,
 }

%
% ISSTA
%

@Proceedings{ISSTA15,
  booktitle = "Proceedings of the International Symposium on Software Testing and Analysis (ISSTA)",
  year = {2015},
}

@Proceedings{ISSTA02,
  booktitle = "Proceedings of the International Symposium on Software Testing and Analysis (ISSTA)",
  year = {2002},
}


@Proceedings{ISSTA04,
  booktitle = "Proceedings of the International Symposium on Software Testing and Analysis (ISSTA)",
  year = {2004},
}

@Proceedings{ISSTA07,
  booktitle = "Proceedings of the International Symposium on Software Testing and Analysis (ISSTA)",
  year = {2007},
}






%
% IVNET
%

@Proceedings{IVNET06,
  booktitle = "Proceedings of the International Conference on Innovative Views of .NET Technologies (IVNET)",
  year = 2006,
}

%
% IWQoS
%

@Proceedings{IWQOS01,
  booktitle = "Proceedings of the International Workshop on Quality of Service (IWQoS)",
  year = 2001,
}

%
% L
% 

@Proceedings{LADIS09,
  booktitle = "The 3rd ACM SIGOPS International Workshop on Large Scale Distributed Systems and Middleware (LADIS)",
  year = 2009,
}



%
% M
%


@Proceedings{MASCOTS04,
  booktitle = "Proceedings of the IEEE International Symposium on Modeling, Analysis, and Simulation of Computer and Telecommunication Systems (MASCOTS)",
  year = 2004,
}

@Proceedings{MASCOTS05,
  booktitle = "Proceedings of the IEEE International Symposium on Modeling, Analysis, and Simulation of Computer and Telecommunication Systems (MASCOTS)",
  year = 2005,
}

@Proceedings{MASCOTS09,
  booktitle = "Proceedings of the IEEE International Symposium on Modeling, Analysis, and Simulation of Computer and Telecommunication Systems (MASCOTS)",
  year = 2009,
}

@Proceedings{MASCOTS11,
  booktitle = "Proceedings of the IEEE International Symposium on Modeling, Analysis, and Simulation of Computer and Telecommunication Systems (MASCOTS)",
  year = 2011,
}


% mesoca


@Proceedings{MESOCA11,
  booktitle = "IEEE International Workshop on the Maintenance and Evolution of Service-Oriented and Cloud-Based Systems (MESOCA)",
  year = 2011,
}


% mix

@Proceedings{MIX10,
  booktitle = "Microsoft MIX: Designers and Developers (MIX)",
  year = 2010,
}


@Proceedings{MICRO08,
  booktitle = "41st Annual IEEE/ACM International Symposium on Microarchitecture (MICRO-41)",
  year = 2008,
}

@Proceedings{MICRO09,
  booktitle = "42nd Annual IEEE/ACM International Symposium on Microarchitecture (MICRO-42)",
  year = 2009,
}


@Proceedings{MSST04,
  booktitle = "Proceedings of the 12th NASA Goddard / 21st IEEE Conference on Mass Storage Systems and Technologies (MSST)",
  year = 2004,
}

@Proceedings{MSST05,
  booktitle = "Proceedings of the 22nd IEEE / 13th NASA Goddard Conference on Mass Storage Systems and Technologies (MSST)",
  year = 2005,
}

@Proceedings{MSST06,
  booktitle = "Proceedings of the 23rd IEEE / 14th NASA Goddard Conference on Mass Storage Systems and Technologies (MSST)",
  year = 2006,
}

@Proceedings{MSST10,
  booktitle = "Proceedings of the 26th IEEE Symposium on Massive Storage Systems and Technologies (MSST)",
  year = 2010,
}

@Proceedings{MSST11,
  booktitle = "Proceedings of the 27th IEEE Symposium on Massive Storage Systems and Technologies (MSST)",
  year = 2011,
}

@Proceedings{MSST12,
  booktitle = "Proceedings of the 28th IEEE Symposium on Massive Storage Systems and Technologies (MSST)",
  year = 2012,
}

@Proceedings{MSST13,
  booktitle = "Proceedings of the 29th IEEE Symposium on Massive Storage Systems and Technologies (MSST)",
  year = 2013,
}

@Proceedings{MSST14,
  booktitle = "Proceedings of the 30th IEEE Symposium on Massive Storage Systems and Technologies (MSST)",
  year = 2014,
}

@Proceedings{MSST15,
  booktitle = "Proceedings of the 31st IEEE Symposium on Massive Storage Systems and Technologies (MSST)",
  year = 2015,
}

@Proceedings{MSST16,
  booktitle = "Proceedings of the 32nd IEEE Symposium on Massive Storage Systems and Technologies (MSST)",
  year = 2016,
}

@Proceedings{MSST17,
  booktitle = "Proceedings of the 33rd IEEE Symposium on Massive Storage Systems and Technologies (MSST)",
  year = 2017,
}





%
% MobiCom
%

@Proceedings{MOBICOM99,
  booktitle = "Proceedings of the 5th ACM International Conference on Mobile Computing and Networking (MobiCom)",
  year      = "1999",
}

%
% MobiHoc
%

@Proceedings{MOBIHOC03,
  booktitle = "Proceedings of the 4th ACM Symposium on Mobile Ad Hoc Network and Computing (MobiHoc)",
  year      = 2003,
}


%
% NSDI
%

@Proceedings{NSDI04,
  booktitle = "Proceedings of the 1st Symposium on Networked
                  Systems Design and Implementation (NSDI)",
  year = 2004,
}

@Proceedings{NSDI05,
  booktitle = "Proceedings of the 2nd Symposium on Networked
                  Systems Design and Implementation (NSDI)",
  year = 2005,
}

@Proceedings{NSDI06,
  booktitle = "Proceedings of the 3rd Symposium on Networked
                  Systems Design and Implementation (NSDI)",
  year = 2006,
}

@Proceedings{NSDI07,
  booktitle = "Proceedings of the 4th Symposium on Networked
                  Systems Design and Implementation (NSDI)",
  year = 2007,
}

@Proceedings{NSDI08,
  booktitle = "Proceedings of the 5th Symposium on Networked
                  Systems Design and Implementation (NSDI)",
  year = 2008,
}

@Proceedings{NSDI09,
  booktitle = "Proceedings of the 6th Symposium on Networked
                  Systems Design and Implementation (NSDI)",
  year = 2009,
}

@Proceedings{NSDI10,
  booktitle = "Proceedings of the 7th Symposium on Networked
                  Systems Design and Implementation (NSDI)",
  year = 2010,
}

@Proceedings{NSDI11,
  booktitle = "Proceedings of the 8th Symposium on Networked
                  Systems Design and Implementation (NSDI)",
  year = 2011,
}

@Proceedings{NSDI12,
  booktitle = "Proceedings of the 9th Symposium on Networked
                  Systems Design and Implementation (NSDI)",
  year = 2012,
}

@Proceedings{NSDI13,
  booktitle = "Proceedings of the 10th Symposium on Networked
                  Systems Design and Implementation (NSDI)",
  year = "2013",
}

@Proceedings{NSDI14,
  booktitle = "Proceedings of the 11th Symposium on Networked
                  Systems Design and Implementation (NSDI)",
  year = "2014",
}

@Proceedings{NSDI15,
  booktitle = "Proceedings of the 12th Symposium on Networked
                  Systems Design and Implementation (NSDI)",
  year = "2015",
}

@Proceedings{NSDI16,
  booktitle = "Proceedings of the 13th Symposium on Networked
                  Systems Design and Implementation (NSDI)",
  year = "2016",
}



% NVMW
@Proceedings{NVMW13,
  booktitle = "Proceedings of the 2013 Non-Volatile Memory Workshop (NVMW)",
  year = "2013",
}

@Proceedings{NVMW14,
  booktitle = "Proceedings of the 2014 Non-Volatile Memory Workshop (NVMW)",
  year = "2014",
}


% OLS


@Proceedings{OLS06,
  booktitle = "Ottawa Linux Symposium (OLS)",
             year = 2006,
}

%
% OSDI
%

@Proceedings{OSDI94,
  booktitle = "Proceedings of the 1st Symposium on Operating
                  Systems Design and Implementation (OSDI)",
  year = "1994",
}

@Proceedings{OSDI96,
  booktitle = "Proceedings of the 2nd Symposium on Operating
                  Systems Design and Implementation (OSDI)",
  year = "1996",
}

@Proceedings{OSDI99,
  booktitle = "Proceedings of the 3rd Symposium on Operating
                  Systems Design and Implementation (OSDI)",
  year = "1999",
}

@Proceedings{OSDI00,
  booktitle = "Proceedings of the 4th Symposium on Operating
                  Systems Design and Implementation (OSDI)",
  year = 2000,
}

@Proceedings{OSDI02,
  booktitle = "Proceedings of the 5th Symposium on Operating
                  Systems Design and Implementation (OSDI)",
  year = 2002,
}

@Proceedings{OSDI04,
  booktitle = "Proceedings of the 6th Symposium on Operating
                  Systems Design and Implementation (OSDI)",
  year = 2004,
}

@Proceedings{OSDI06,
  booktitle = "Proceedings of the 7th Symposium on Operating
                  Systems Design and Implementation (OSDI)",
  year = 2006,
}

@Proceedings{OSDI08,
  booktitle = "Proceedings of the 8th Symposium on Operating
                  Systems Design and Implementation (OSDI)",
  year = 2008,
}

@Proceedings{OSDI10,
  booktitle = "Proceedings of the 9th Symposium on Operating
                  Systems Design and Implementation (OSDI)",
  year = 2010,
}

@Proceedings{OSDI12,
  booktitle = "Proceedings of the 10th Symposium on Operating
                  Systems Design and Implementation (OSDI)",
  year = 2012,
}

@Proceedings{OSDI14,
  booktitle = "Proceedings of the 11th Symposium on Operating
                  Systems Design and Implementation (OSDI)",
  year = "2014",
}

@Proceedings{OSDI16,
  booktitle = "Proceedings of the 12th Symposium on Operating
                  Systems Design and Implementation (OSDI)",
  year = "2016",
}

@Proceedings{OSDI18,
  booktitle = "Proceedings of the 13th Symposium on Operating
                  Systems Design and Implementation (OSDI)",
  year = "2018",
}



% PA

@Proceedings{PASTE01,
  booktitle = "ACM SIGPLAN-SIGSOFT Workshop on Program Analysis for Software Tools and Engineering (PASTE)",
  year      = 2001,
}


%
% PODC
%

@Proceedings{PODC02,
  booktitle = "Proceedings of the 21st ACM Symposium on Principles of Distributed Computing (PODC)",
  year      = 2002,
}

@Proceedings{PODC07,
  booktitle = "Proceedings of the 26th ACM Symposium on Principles of Distributed Computing (PODC)",
  year      = 2007,
}



%
% PLDI
%

@Proceedings{PLDI96,
  booktitle = "Proceedings of the ACM SIGPLAN 1996 Conference on Programming Language Design and Implementation (PLDI)",
  year      = "1996",
}

@Proceedings{PLDI98,
  booktitle = "Proceedings of the ACM SIGPLAN 1998 Conference on Programming Language Design and Implementation (PLDI)",
  year      = "1998",
}

@Proceedings{PLDI99,
  booktitle = "Proceedings of the ACM SIGPLAN 1999 Conference on Programming Language Design and Implementation (PLDI)",
  year      = "1999",
}

@Proceedings{PLDI00,
  booktitle = "Proceedings of the ACM SIGPLAN 2000 Conference on Programming Language Design and Implementation (PLDI)",
  year      = 2000,
}

@Proceedings{PLDI01,
  booktitle = "Proceedings of the ACM SIGPLAN 2001 Conference on Programming Language Design and Implementation (PLDI)",
  year      = 2001,
}

@Proceedings{PLDI02,
  booktitle = "Proceedings of the ACM SIGPLAN 2002 Conference on Programming Language Design and Implementation (PLDI)",
  year      = 2002,
}

@Proceedings{PLDI03,
  booktitle = "Proceedings of the ACM SIGPLAN 2003 Conference on Programming Language Design and Implementation (PLDI)",
  year = 2003,
}


@Proceedings{PLDI05,
  booktitle = "Proceedings of the ACM SIGPLAN 2005 Conference on Programming Language Design and Implementation (PLDI)",
  year = 2005,
}

@Proceedings{PLDI07,
  booktitle = "Proceedings of the ACM SIGPLAN 2007 Conference on Programming Language Design and Implementation (PLDI)",
  year = 2007,
}

@Proceedings{PLDI09,
  booktitle = "Proceedings of the ACM SIGPLAN 2009 Conference on Programming Language Design and Implementation (PLDI)",
  year = 2009,
}

@Proceedings{PLDI12,
  booktitle = "Proceedings of the ACM SIGPLAN 2012 Conference on Programming Language Design and Implementation (PLDI)",
  year = 2012,
}

@Proceedings{PLDI13,
  booktitle = "Proceedings of the ACM SIGPLAN 2013 Conference on Programming Language Design and Implementation (PLDI)",
  year = 2013,
}

@Proceedings{PLDI14,
  booktitle = "Proceedings of the ACM SIGPLAN 2014 Conference on Programming Language Design and Implementation (PLDI)",
  year = 2014,
}

@Proceedings{PLDI15,
  booktitle = "Proceedings of the 36th ACM SIGPLAN Conference on Programming Language Design and Implementation (PLDI)",
  year = 2015,
}


%
% PLOS
%

@Proceedings{PLOS06,
  booktitle = "Workshop on the Linguistic Support for Modern Operating Systems (PLOS)",
  year = 26,
}

%
% POPL
%

@Proceedings{POPL95,
  booktitle = "Proceedings of the 22nd ACM SIGPLAN-SIGACT Symposium on Principles of Programming Languages (POPL)",
  year      = "1995",
}

@Proceedings{POPL97,
  booktitle = "Proceedings of the 24th ACM SIGPLAN-SIGACT Symposium on Principles of Programming Languages (POPL)",
  year      = "1997",
}

@Proceedings{POPL98,
  booktitle = "Proceedings of the 25th ACM SIGPLAN-SIGACT Symposium on Principles of Programming Languages (POPL)",
  year      = "1998",
}

@Proceedings{POPL02,
  booktitle = "Proceedings of the 29th ACM SIGPLAN-SIGACT Symposium on Principles of Programming Languages (POPL)",
  year      = 2002,
}

@Proceedings{POPL05,
  booktitle = "Proceedings of the 33rd ACM SIGPLAN-SIGACT Symposium on Principles of Programming Languages (POPL)",
  year      = 2005,
}

@Proceedings{POPL07,
  booktitle = "Proceedings of the 34th ACM SIGPLAN-SIGACT Symposium on Principles of Programming Languages (POPL)",
  year      = 2007,
}


%
% R....
%


@Proceedings{RMS99,
  booktitle = "Proceedings of the 1999 IEEE Reliability and Maintainability Symposium",
  year      = 1999,
}

@Proceedings{RV12,
  booktitle = "The 3rd International Conference on Runtime Verification (RV)",
  year      = 2012,
}


% RTAS

@Proceedings{RTAS04,
  booktitle = "The Proceedings of 10th IEEE Real-Time and Embedded Technology and Applications",
  year      = 2004,
}

@Proceedings{RTAS05,
  booktitle = "The Proceedings of 11th IEEE Real-Time and Embedded Technology and Applications",
  year      = 2005,
}

@Proceedings{RTAS08,
  booktitle = "The Proceedings of 14th IEEE Real-Time and Embedded Technology and Applications",
  year      = 2008,
}

@Proceedings{RTAS12,
  booktitle = "The Proceedings of 18th IEEE Real-Time and Embedded Technology and Applications",
  year      = 2012,
}

@Proceedings{RTAS13,
  booktitle = "The Proceedings of 19th IEEE Real-Time and Embedded Technology and Applications",
  year      = 2013,
}

% RTSS

@Proceedings{RTSS07,
  booktitle = "Proceedings Real-Time Systems Symposium (RTSS) 2007",
  year      = 2007,
}

%
% SC
%

@Proceedings{SC99,
  booktitle = "Supercomputing",
  year      = "1999",
}

@Proceedings{SC01,
  booktitle = "SC 2001",
  year      = 2001,
}

@Proceedings{SC02,
  booktitle = "Supercomputing 2002",
  year  = 2002,
}

@Proceedings{SC12,
  booktitle = "Proceedings of International Conference on High Performance Computing, Networking, Storage and Analysis (SC)",
  year  = 2012,
}

@Proceedings{SC13,
  booktitle = "Proceedings of International Conference on High Performance Computing, Networking, Storage and Analysis (SC)",
  year  = 2013,
}


@Proceedings{SEW04,
  booktitle = "11th ACM SIGOPS European Workshop",
  year      = 2004,
}


%
% SIGCOMM
%

@Proceedings{SIGCOMM87,
  booktitle = "Proceedings of the ACM Special Interest Group on Data Communication (SIGCOMM)",
  year = "1987",
}

@Proceedings{SIGCOMM88,
  booktitle = "Proceedings of the ACM Special Interest Group on Data Communication (SIGCOMM)",
  year = "1988",
}

@Proceedings{SIGCOMM94,
  booktitle = "Proceedings of the ACM Special Interest Group on Data Communication (SIGCOMM)",
  year = "1994",
}

@Proceedings{SIGCOMM96,
  booktitle = "Proceedings of the ACM Special Interest Group on Data Communication (SIGCOMM)",
  year = "1996",
}

@Proceedings{SIGCOMM99,
  booktitle = "Proceedings of the ACM Special Interest Group on Data Communication (SIGCOMM)",
  year = "1999",
}

@Proceedings{SIGCOMM00,
  booktitle = "Proceedings of the ACM Special Interest Group on Data Communication (SIGCOMM)",
  year = 2000,
}

@Proceedings{SIGCOMM01,
  booktitle = "Proceedings of the ACM Special Interest Group on Data Communication (SIGCOMM)",
  year = 2001,
}


@Proceedings{SIGCOMM03,
  booktitle = "Proceedings of the ACM Special Interest Group on Data Communication (SIGCOMM)",
  year = 2003,
}

@Proceedings{SIGCOMM08,
  booktitle = "Proceedings of the ACM Special Interest Group on Data Communication (SIGCOMM)",
  year = 2008,
}

@Proceedings{SIGCOMM09,
  booktitle = "Proceedings of the ACM Special Interest Group on Data Communication (SIGCOMM)",
  year = 2009,
}

@Proceedings{SIGCOMM10,
  booktitle = "Proceedings of the ACM Special Interest Group on Data Communication (SIGCOMM)",
  year = 2010,
}

@Proceedings{SIGCOMM11,
  booktitle = "Proceedings of the ACM Special Interest Group on Data Communication (SIGCOMM)",
  year = 2011,
}

@Proceedings{SIGCOMM13,
  booktitle = "Proceedings of the ACM Special Interest Group on Data Communication (SIGCOMM)",
  year = 2013,
}


%
% SIGMETRICS
%

@Proceedings{SIGMETRICS87,
 booktitle = {Proceedings of the 1987 ACM Conference
                  on Measurement and Modeling of Computer Systems
                  (SIGMETRICS)},
  year = 1987,
}

@Proceedings{SIGMETRICS89,
 booktitle = {Proceedings of the 1989 ACM Conference
                  on Measurement and Modeling of Computer Systems
                  (SIGMETRICS)},
  year = 1989,
}

@Proceedings{SIGMETRICS93,
  booktitle = "Proceedings of the 1993 ACM Conference
                  on Measurement and Modeling of Computer Systems
                  (SIGMETRICS)",
  year = 1993,
}

@Proceedings{SIGMETRICS94,
  booktitle = "Proceedings of the 1994 ACM Conference
                  on Measurement and Modeling of Computer Systems
                  (SIGMETRICS)",
  year = 1994,
}

@Proceedings{SIGMETRICS95,
  booktitle = "Proceedings of the 1995 ACM Conference
                  on Measurement and Modeling of Computer Systems
                  (SIGMETRICS)",
  year = 1995,
}

@Proceedings{SIGMETRICS96,
  booktitle = "Proceedings of the 1996 ACM Conference
                  on Measurement and Modeling of Computer Systems
                  (SIGMETRICS)",
  year = 1996,
}

@Proceedings{SIGMETRICS97,
   booktitle = {Proceedings of the 1997 Joint International
                  Conference on Measurement and Modeling of
                  Computer Systems (SIGMETRICS/Performance)},
  year = 1997,
}

@Proceedings{SIGMETRICS98,
   booktitle = {Proceedings of the 1998 Joint International
                  Conference on Measurement and Modeling of
                  Computer Systems (SIGMETRICS/Performance)},
  year = 1987,
}

@Proceedings{SIGMETRICS99,
  booktitle = "Proceedings of the 1999 ACM Conference
                  on Measurement and Modeling of Computer Systems
                  (SIGMETRICS)",
  year = 1999,
}

@Proceedings{SIGMETRICS02,
  booktitle = "Proceedings of the 2002 ACM Conference
                  on Measurement and Modeling of Computer Systems
                  (SIGMETRICS)",
  year = 2002,
}


@Proceedings{SIGMETRICS04,
  booktitle = "Proceedings of the 2004 ACM Conference
                  on Measurement and Modeling of Computer Systems
                  (SIGMETRICS)",
  year = 2004,
}

@Proceedings{SIGMETRICS05,
  booktitle = "Proceedings of the 2005 ACM Conference
                  on Measurement and Modeling of Computer Systems
                  (SIGMETRICS)",
  year = 2005,
}

@Proceedings{SIGMETRICS06,
  booktitle = "Proceedings of the 2006 ACM Conference
                  on Measurement and Modeling of Computer Systems
                  (SIGMETRICS)",
  year = 2006,
}

@Proceedings{SIGMETRICS07,
  booktitle = "Proceedings of the 2007 ACM Conference
                  on Measurement and Modeling of Computer Systems
                  (SIGMETRICS)",
  year = 2007,
}

@Proceedings{SIGMETRICS08,
  booktitle = "Proceedings of the 2008 ACM
                  International Conference on Measurement and
                  Modeling of Computer Systems (SIGMETRICS)",
  year = 2008,
}


@Proceedings{SIGMETRICS09,
  booktitle = "Proceedings of the 2009 ACM
                  International Conference on Measurement and
                  Modeling of Computer Systems (SIGMETRICS)",
  year = 2009,
}

@Proceedings{SIGMETRICS10,
  booktitle = "Proceedings of the 2010 ACM
                  International Conference on Measurement and
                  Modeling of Computer Systems (SIGMETRICS)",
  year = 2010,
}

@Proceedings{SIGMETRICS11,
  booktitle = "Proceedings of the 2011 ACM
                  International Conference on Measurement and
                  Modeling of Computer Systems (SIGMETRICS)",
  year = 2011,
}

@Proceedings{SIGMETRICS12,
  booktitle = "Proceedings of the 2012 ACM
                  International Conference on Measurement and
                  Modeling of Computer Systems (SIGMETRICS)",
  year = 2012,
}

@Proceedings{SIGMETRICS13,
  booktitle = "Proceedings of the 2013 ACM
                  International Conference on Measurement and
                  Modeling of Computer Systems (SIGMETRICS)",
  year = "2013",
}

@Proceedings{SIGMETRICS14,
  booktitle = "Proceedings of the 2014 ACM
                  International Conference on Measurement and
                  Modeling of Computer Systems (SIGMETRICS)",
  year = "2014",
}

@Proceedings{SIGMETRICS15,
  booktitle = "Proceedings of the 2015 ACM
                  International Conference on Measurement and
                  Modeling of Computer Systems (SIGMETRICS)",
  year = "2015",
}

@Proceedings{SIGMETRICS16,
  booktitle = "Proceedings of the 2016 ACM
                  International Conference on Measurement and
                  Modeling of Computer Systems (SIGMETRICS)",
  year = "2016",
}

@Proceedings{SIGMETRICS17,
  booktitle = "Proceedings of the 2017 ACM
                  International Conference on Measurement and
                  Modeling of Computer Systems (SIGMETRICS)",
  year = "2017",
}




%
% SIGMOD
%

@Proceedings{SIGMOD84,
  booktitle = {Proceedings of the 1984 ACM SIGMOD Conference on
                  the Management of Data (SIGMOD)},
  year = 1984,
}

@Proceedings{SIGMOD88,
  booktitle = {Proceedings of the 1988 ACM SIGMOD Conference on
                  the Management of Data (SIGMOD)},
  year = 1988,
}

@Proceedings{SIGMOD93,
  booktitle =  "Proceedings of the 1993 ACM SIGMOD International
                  Conference on Management of Data (SIGMOD)",
  year = 1993,
}

@Proceedings{SIGMOD94,
  booktitle =  "Proceedings of the 1994 ACM SIGMOD International
                  Conference on Management of Data (SIGMOD)",
  year = 1994,
}

@Proceedings{SIGMOD95,
  booktitle =  "Proceedings of the 1995 ACM SIGMOD International
                  Conference on Management of Data (SIGMOD)",
  year = 1995,
}


@Proceedings{SIGMOD97,
  booktitle =  "Proceedings of the 1997 ACM SIGMOD International
                  Conference on Management of Data (SIGMOD)",
  year = 1997,
}

@Proceedings{SIGMOD01,
  booktitle =  "Proceedings of the 2001 ACM SIGMOD International
                  Conference on Management of Data (SIGMOD)",
  year = 2001,
}

@Proceedings{SIGMOD02,
  booktitle =  "Proceedings of the 2002 ACM SIGMOD International
                  Conference on Management of Data (SIGMOD)",
  year = 2002,
}

@Proceedings{SIGMOD05,
  booktitle =  "Proceedings of the 2005 ACM SIGMOD International
                  Conference on Management of Data (SIGMOD)",
  year = 2005,
}

@Proceedings{SIGMOD06,
  booktitle =  "Proceedings of the 2006 ACM SIGMOD International
                  Conference on Management of Data (SIGMOD)",
  year = 2006,
}

@Proceedings{SIGMOD07,
  booktitle =  "Proceedings of the 2007 ACM SIGMOD International
                  Conference on Management of Data (SIGMOD)",
  year = 2007,
}

@Proceedings{SIGMOD08,
  booktitle =  "Proceedings of the 2008 ACM SIGMOD International
                  Conference on Management of Data (SIGMOD)",
  year = 2008,
}

@Proceedings{SIGMOD09,
  booktitle =  "Proceedings of the 2009 ACM SIGMOD International
                  Conference on Management of Data (SIGMOD)",
  year = 2009,
}

@Proceedings{SIGMOD10,
  booktitle =  "Proceedings of the 2010 ACM SIGMOD International
                  Conference on Management of Data (SIGMOD)",
  year = 2010,
}

@Proceedings{SIGMOD11,
  booktitle =  "Proceedings of the 2011 ACM SIGMOD International
                  Conference on Management of Data (SIGMOD)",
  year = 2011,
}

@Proceedings{SIGMOD12,
  booktitle =  "Proceedings of the 2012 ACM SIGMOD International
                  Conference on Management of Data (SIGMOD)",
  year = 2012,
}

@Proceedings{SIGMOD13,
  booktitle =  "Proceedings of the 2013 ACM SIGMOD International
                  Conference on Management of Data (SIGMOD)",
  year = 2013,
}

@Proceedings{SIGMOD14,
  booktitle =  "Proceedings of the 2014 ACM SIGMOD International
                  Conference on Management of Data (SIGMOD)",
  year = 2014,
}

@Proceedings{SIGMOD15,
  booktitle =  "Proceedings of the 2015 ACM SIGMOD International
                  Conference on Management of Data (SIGMOD)",
  year = 2015,
}

@Proceedings{SIGMOD16,
  booktitle =  "Proceedings of the 2016 ACM SIGMOD International
                  Conference on Management of Data (SIGMOD)",
  year = 2016,
}

@Proceedings{SIGMOD17,
  booktitle =  "Proceedings of the 2017 ACM SIGMOD International
                  Conference on Management of Data (SIGMOD)",
  year = 2017,
}





% SP

@Proceedings{SPIN01,
  booktitle = "International SPIN Workshop on Model Checking of Software (SPIN)",
  year = 2001,
}

@Proceedings{SPIN05,
  booktitle = "International SPIN Workshop on Model Checking of Software (SPIN)",
  year = 2005,
}


@Proceedings{SNAPI03,
  booktitle = "International Workshop on Storage Network Architecture and Parallel I/Os (SNAPI)",
  year = 2003,
}



% SOCC

@Proceedings{SOCC10,
  booktitle = "Proceedings of the 1st ACM Symposium on Cloud
                  Computing (SoCC)",
  year = 2010,
}

@Proceedings{SOCC11,
  booktitle = "Proceedings of the 2nd ACM Symposium on Cloud
                  Computing (SoCC)",
  year = 2011,
}

@Proceedings{SOCC12,
  booktitle = "Proceedings of the 3rd ACM Symposium on Cloud
                  Computing (SoCC)",
  year = 2012,
}

@Proceedings{SOCC13,
  booktitle = "Proceedings of the 4th ACM Symposium on Cloud
                  Computing (SoCC)",
  year = "2013",
}

@Proceedings{SOCC14,
  booktitle = "Proceedings of the 5th ACM Symposium on Cloud
                  Computing (SoCC)",
  year = "2014",
}

@Proceedings{SOCC15,
  booktitle = "Proceedings of the 6th ACM Symposium on Cloud
                  Computing (SoCC)",
  year = "2015",
}

@Proceedings{SOCC16,
  booktitle = "Proceedings of the 7th ACM Symposium on Cloud
                  Computing (SoCC)",
  year = "2016",
}

@Proceedings{SOCC17,
  booktitle = "Proceedings of the 8th ACM Symposium on Cloud
                  Computing (SoCC)",
  year = "2017",
}


%
% SOSP
%

@Proceedings{SOSP75,
  booktitle = {Proceedings of the 5th ACM Symposium on Operating
                  Systems Principles (SOSP)},
  year = 1975,
}

@Proceedings{SOSP77,
  booktitle = {Proceedings of the 6th ACM Symposium on Operating
                  Systems Principles (SOSP)},
  year = 1977,
}

@Proceedings{SOSP81,
  booktitle = {Proceedings of the 8th ACM Symposium on Operating
                  Systems Principles (SOSP)},
  year = 1981,
}

@Proceedings{SOSP83,
  booktitle =  "Proceedings of the 9th ACM Symposium on Operating
                  System Principles (SOSP)",
  year = 1983,
}

@Proceedings{SOSP85,
  booktitle =  "Proceedings of the 10th ACM Symposium on
                  Operating System Principles (SOSP)",
  year = 1985,
}

@Proceedings{SOSP87,
  booktitle =  {Proceedings of the 11th ACM Symposium on
                  Operating Systems Principles (SOSP)},
  year = 1987,
}

@Proceedings{SOSP89,
  booktitle =  {Proceedings of the 12th ACM Symposium on
                  Operating Systems Principles (SOSP)},
  year = 1989,
}

@Proceedings{SOSP91,
  booktitle  = {Proceedings of the 13th ACM Symposium on
                  Operating Systems Principles (SOSP)},
  year = 1991,
}

@Proceedings{SOSP93,
  booktitle  = {Proceedings of the 14th ACM Symposium on
                  Operating Systems Principles (SOSP)},
  year = 1993,
}

@Proceedings{SOSP95,
  booktitle  = {Proceedings of the 15th ACM Symposium on
                  Operating Systems Principles (SOSP)},     
  year = 1995,
}

@Proceedings{SOSP97,
  booktitle  = {Proceedings of the 16th ACM Symposium on
                  Operating Systems Principles (SOSP)},
  year = 1997,
}

@Proceedings{SOSP99,
  booktitle  = {Proceedings of the 17th ACM Symposium on
                  Operating Systems Principles (SOSP)},
  year = 1999,
}

@Proceedings{SOSP01,
  booktitle  = {Proceedings of the 18th ACM Symposium on
                  Operating Systems Principles (SOSP)},
  year = 2001,
}

@Proceedings{SOSP03,
  booktitle  = {Proceedings of the 19th ACM Symposium on
                  Operating Systems Principles (SOSP)},
  year = 2003,
}

@Proceedings{SOSP05,
  booktitle  = {Proceedings of the 20th ACM Symposium on
                  Operating Systems Principles (SOSP)},
  year = 2005,
}

@Proceedings{SOSP07,
  booktitle  = {Proceedings of 21st ACM SIGOPS symposium on Operating systems principles (SOSP)},
  year = 2007,
}

@Proceedings{SOSP09,
  booktitle  = {Proceedings of the 22nd ACM Symposium on
                  Operating Systems Principles (SOSP)},
  year = 2009,
}

@Proceedings{SOSP11,
  booktitle  = {Proceedings of the 23rd ACM Symposium on
                  Operating Systems Principles (SOSP)},
  year = 2011,
}

@Proceedings{SOSP13,
  booktitle  = {Proceedings of the 24th ACM Symposium on
                  Operating Systems Principles (SOSP)},
  year = 2013,
}

@Proceedings{SOSP15,
  booktitle  = {Proceedings of the 25th ACM Symposium on
                  Operating Systems Principles (SOSP)},
  year = 2015,
}

@Proceedings{SOSP17,
  booktitle  = {Proceedings of the 26th ACM Symposium on
                  Operating Systems Principles (SOSP)},
  year = 2017,
}


@Proceedings{SSV10,
  booktitle  = {5th International Workshop on Systems Software Verification (SSV)},
  year = 2010,
}

 

% ST

@Proceedings{STOC97,
  booktitle  = {Proceedings of the Twenty-ninth Annual ACM symposium on Theory of Computing (STOC)},
  year       = "1997",
}



@Proceedings{STORAGESS05,
  booktitle  = {The 1st International Workshop on Storage Security and Survivability (StorageSS)},
  year       = 2005,
}

@Proceedings{STORAGESS06,
  booktitle  = {The 2nd International Workshop on Storage Security and Survivability (StorageSS)},
  year       = 2006,
}



@Proceedings{OOPSLA03,
  booktitle  = {Proceedings of the 18th ACM SIGPLAN Conference on Object-Oriented Programming, Systems, Languages, and Applications (OOPSLA)},
  year       = 2003,
}

@Proceedings{OOPSLA04,
  booktitle  = {Proceedings of the 19th ACM SIGPLAN Conference on Object-Oriented Programming, Systems, Languages, and Applications (OOPSLA)},
  year       = 2004,
}

@Proceedings{OOPSLA06,
  booktitle  = {Proceedings of the 21st ACM SIGPLAN International Conference on
                  Object-Oriented Programming, Systems,
                  Languages, and Applications (OOPSLA)},
  year       = 2006,
} 

@Proceedings{OOPSLA10,
  booktitle  = {Proceedings of the 25th Annual ACM SIGPLAN
                  Conference on Object-Oriented Programming,
                  Systems, Languages, and Applications (OOPSLA)},
  year       = 2010,
} 


@Proceedings{OOPSLA11,
  booktitle  = {Proceedings of the 26th Annual ACM SIGPLAN
                  Conference on Object-Oriented Programming,
                  Systems, Languages, and Applications (OOPSLA)},
  year       = 2011,
} 


@Proceedings{OOPSLA14,
  booktitle  = {Proceedings of the 29th Annual ACM SIGPLAN
                  Conference on Object-Oriented Programming,
                  Systems, Languages, and Applications (OOPSLA)},
  year       = 2014,
} 


@Proceedings{SPDT98,
  booktitle  = {The 1998 Symposium on Parallel and Distributed Tools (SPDT)},
  year       = "1998",
}

@Proceedings{SUSTAINIT10,
  booktitle = {The 1st USENIX Conference on Sustainable information technology (SustainIT)},
  year = 2010,
}


% TA

@Proceedings{TACAS97,
  booktitle = {The 3rd International Workshop on Tools and Algorithms for Construction and Analysis of Systems (TACAS)},
  year =  1997,
}

% TC

@Proceedings{TC10,
  booktitle =    {IEEE Transactions on Computers (TC)},
  year =   2010,
}

% TCE

@Proceedings{TCE09,
  booktitle =    {IEEE Transactions on Consumer Electronics (TCE)},
  year =   2009,
}


% TCE

@Proceedings{TECS08,
  booktitle =    {IEEE ACM Transactions on Embedded Computing Systems (TECS)},
  year =   2008,
}

@Proceedings{TECS16,
  booktitle =    {IEEE ACM Transactions on Embedded Computing Systems (TECS)},
  year =   2016,
}

% Tools

@Proceedings{TOOLS02,
  booktitle  = {Proceedings of the 12th International Conference on Modeling Tools and Techniques for Computer and Communication System Performance Evaluation (TOOLS)},
  year       = 2002,
}


% TRIOS

@Proceedings{TRIOS13,
  booktitle  = {Conference on Timely Results in Operating Systems (TRIOS)},
  year       = 2013,
}


% USENIX SECURITY


@PROCEEDINGS{USENIX-SEC98,
  booktitle = {Proceedings of the 7th USENIX Security Symposium (Sec)},
  year = {1998},
}

@Proceedings{USENIX-SEC01,
  booktitle = {Proceedings of the 10th USENIX Security Symposium (Sec)},
  year = {2001},
}

@Proceedings{USENIX-SEC02,
  booktitle = {Proceedings of the 11th USENIX Security Symposium (Sec)},
  year = {2002},
}

@Proceedings{USENIX-SEC03,
  booktitle = {Proceedings of the 12th USENIX Security Symposium (Sec)},
  year = {2003},
}

@PROCEEDINGS{USENIX-SEC04,
  booktitle = {Proceedings of the 13th USENIX Security Symposium (Sec)},
  year = {2004},
}

@PROCEEDINGS{USENIX-SEC05,
  booktitle = {Proceedings of the 14th USENIX Security Symposium (Sec)},
  year = {2005},
}

@PROCEEDINGS{USENIX-SEC09,
  booktitle = {Proceedings of the 18th USENIX Security Symposium (Sec)},
  year = {2009},
}




% USITS



@Proceedings{USITS99,
    booktitle = {Proceedings of the 2nd USENIX Symposium on Internet Technologies and Systems (USITS)},
      year = "1999",
  }

@Proceedings{USITS01,
    booktitle = {Proceedings of the 3rd USENIX Symposium on Internet Technologies and Systems (USITS)},
      year = 2001,
  }

@Proceedings{USITS03,
    booktitle = {Proceedings of the 5rd USENIX Symposium on Internet Technologies and Systems (USITS)},
      year = 2003,
  }

@Proceedings{VLDB81,
  year      = {1981},
  booktitle = {Proceedings of the 7th International Conference on Very Large Data Bases (VLDB)},
}

@Proceedings{VLDB85,
  year      = {1985},
  booktitle = {Proceedings of the 11th International Conference on Very Large Data Bases (VLDB)},
}

@Proceedings{VLDB88,
  booktitle = {Proceedings of the 14th International Conference on Very Large Data Bases (VLDB)},
  year = {1988},
}

@Proceedings{VLDB90,
  booktitle = {Proceedings of the 16th International Conference on Very Large Data Bases (VLDB)},
  year = 1990,
}

@Proceedings{VLDB94,
  booktitle = "Proceedings of the 20th International Conference on Very Large Databases (VLDB)",
  year      = "1994"
}

@Proceedings{VLDB98,
  booktitle = "Proceedings of the 24th International Conference on Very Large Databases (VLDB)",
  year      = "1998", 
}

@Proceedings{VLDB99,
  booktitle = "Proceedings of the 25th International Conference on Very Large Databases (VLDB)",
 month = sep,
 year = "1999",
}


@Proceedings{VLDB02,
  booktitle = "Proceedings of the 28th International Conference on Very Large Databases (VLDB)",
  year      = 2002, 
}

@Proceedings{VLDB04,
  booktitle = "Proceedings of the 30th International Conference on Very Large Databases (VLDB)",
  year      = 2004, 
}


@Proceedings{VLDB07,
  booktitle = "Proceedings of the 33rd International Conference on Very Large Data Bases (VLDB)",
     year = 2007,
}

@Proceedings{VLDB08,
  booktitle = "Proceedings of the 34th International Conference on Very Large Data Bases (VLDB)",
  year = 2008,
}

@Proceedings{VLDB09,
  booktitle = "Proceedings of the 35th International Conference
                  on Very Large Data Bases (VLDB)",
  year = 2009,
}

@Proceedings{VLDB10,
  booktitle = "Proceedings of the 36th International Conference
                  on Very Large Data Bases (VLDB)",
  year = 2010,
}

@Proceedings{VLDB11,
  booktitle = "Proceedings of the 37th International Conference
                  on Very Large Data Bases (VLDB)",
  year = 2011,
}

@Proceedings{VLDB12,
  booktitle = "Proceedings of the 38th International Conference
                  on Very Large Data Bases (VLDB)",
  year = 2012,
}

@Proceedings{VLDB13,
  booktitle = "Proceedings of the 39th International Conference
                  on Very Large Data Bases (VLDB)",
  year = 2013,
}


@Proceedings{VLDB14,
  booktitle = "Proceedings of the 40th International Conference
                  on Very Large Data Bases (VLDB)",
  year = 2014,
}

@Proceedings{VLDB15,
  booktitle = "Proceedings of the 41st International Conference
                  on Very Large Data Bases (VLDB)",
  year = 2015,
}


@Proceedings{VMCAI04,
  booktitle = {5th International Conference Verification, Model Checking and Abstract Interpretation (VMCAI)},
  year      = {2004},
}

@Proceedings{VM04,
  booktitle = {Proceedings of the 3rd Virtual Machine Research and Technology Symposium (VM)},
  year      = {2004},
}

@Proceedings{VSTTE05,
  booktitle = "Workshop on Verified Software: Theories, Tools, Experiments (VSTTE)", 
  year = 2005,
}

@Proceedings{WDB02,
  booktitle = "Workshop on Dependability Benchmarking (WDB)",
  year = 2002,
}

@Proceedings{WDBM83,
  booktitle = "Proceedings of the 3rd International Workshop on Database Machines", 
  year = "1983",
}

@Proceedings{WIAPP03,
  booktitle = "Proceedings of the 3rd IEEE Workshop on Internet Applications (WIAPP)",
  year      = 2003,
}

@Proceedings{WIOSCA06,
  booktitle = "Workshop on the Interaction between Operating Systems and Computer Architecture (WIOSCA)",
  year      = 2006,
}

@Proceedings{WWOS93,
  booktitle = "Proceedings of the 4th Workshop on Workstation Operating Systems (WWOS-IV)",
  year      = "1993",
}

@Proceedings{WWOS97,
  booktitle = "Proceedings of the 6th Workshop on Workstation Operating Systems (WWOS-VI)",
  year = "1997",
}

@Proceedings{LISA03,
  booktitle = "Proceedings of the 17th Annual Large Installation System Administration Conference (LISA)",
  year      = 2003,
}

@Proceedings{LISA04,
  booktitle = "Proceedings of the 18th Annual Large Installation System Administration Conference (LISA)",
  year      = 2004,
}





%----------------------------------- NEED TO BE SORTED ..




@Proceedings{ACDC09,
  booktitle = "the 1st Workshop on Automated Control for Datacenters and Clouds (ACDC)",
  year = 2009,
}

@Proceedings{ALS00,
  booktitle = "Atlanta Linux Showcase (ALS)",
  year = 2000,
}

@Proceedings{AOSD07,
  booktitle = "Proceedings of the 6th International Conference on Aspect-Oriented
               Software Development (AOSD)", 
  year = 2007,
}

@Proceedings{CIDR09,
  booktitle = "Proceedings of the 4th Conference on Innovative Data Systems Research (CIDR)",
  year = 2009,
}

@Proceedings{CIDR11,
  booktitle = "Proceedings of the 5th Conference on Innovative Data Systems Research (CIDR)",
  year = 2011,
}

@Proceedings{CIDR15,
  booktitle = "Proceedings of the 7th Conference on Innovative Data Systems Research (CIDR)",
  year = 2015,
}

@Proceedings{CLOUD09,
  booktitle = "International Workshop on Cloud Computing (Cloud)",
  year = 2009,
}

@Proceedings{CLOUDCOM10,
  booktitle = "The Proceedings of 2nd IEEE International Conference on Cloud Computing Technology and Science",
  year = 2010,
}

@Proceedings{CLUSTER00,
  booktitle = "IEEE 2000 International Conference on Cluster Computing (Cluster)",
  year = 2000,
}


@Proceedings{CLUSTER06,
  booktitle = "International Conference on Cluster Computing (Cluster)",
  year = 2006,
}

@Proceedings{CLUSTER09,
  booktitle = "International Conference on Cluster Computing (Cluster)",
  year = 2009,
}


% Dbtest


@Proceedings{DBTest09,
  booktitle = "Proceedings of the 2nd International Workshop on 
               Testing Database Systems (DBTest '09)",
  year = 2009,
}

% dcperf

@Proceedings{DCPERF13,
  booktitle = "The 3rd international workshop on Data Center Performance (DCPerf '13)",
  year = 2013,
}


@Proceedings{DSN04,
  booktitle = "Proceedings of the International Conference on Dependable Systems and Networks (DSN)",
  year = 2004,
}

@Proceedings{DSN07,
  booktitle = "Proceedings of the International Conference on Dependable Systems and Networks (DSN)",
  year = 2007,
}

@Proceedings{DSN12,
  booktitle = "Proceedings of the International Conference on Dependable Systems and Networks (DSN)",
  year = 2012,
}

@Proceedings{DSN13,
  booktitle = "Proceedings of the International Conference on Dependable Systems and Networks (DSN)",
  year = 2013,
}

@Proceedings{DSN14,
  booktitle = "Proceedings of the International Conference on Dependable Systems and Networks (DSN)",
  year = 2014,
}

@Proceedings{EDBT08,
  booktitle = "the 11th International Conference on Extending Database Technology (EDBT)",
  year = 2008,
}

@Proceedings{FTCS95,
  booktitle = "Proceedings of the 25th International Symposium on Fault-Tolerant Computing (FTCS)",
  year = "1995",
}

@Proceedings{FUDICO04,
  booktitle = "Workshop on Future Directions in Distributed Computing (FuDiCo)",
  year = 2004,
}

% hotstorage

@Proceedings{HOTSTORAGE09,
  booktitle  = {the 1st Workshop on Hot Topics in Storage and File Systems (HotStorage '09)},
  year       = 2009,
}

@Proceedings{HOTSTORAGE11,
  booktitle  = {the 3rd Workshop on Hot Topics in Storage and File Systems (HotStorage '11)},
  year       = 2011,
}

@Proceedings{HOTSTORAGE16,
  booktitle  = {the 8th Workshop on Hot Topics in Storage and File Systems (HotStorage '16)},
  year       = 2016,
}




@Proceedings{HPCS03,
  booktitle = "The 17th International Symposium on High Performance Computing Systems (HPCS)",
  year = 2003,
}


@Proceedings{HPDC04,
  booktitle = "Proceedings of the 13th IEEE International Symposium on High Performance Distributed Computing (HPDC 13)",
  year = 2004,
}

@Proceedings{ICDCS99,
   booktitle = "Proceedings of the 19th International Conference on Distributed Computing Systems (ICDCS)",
     year      = 1999,
}

@Proceedings{ICDM08,
   booktitle = "Proceedings of the International Conference on Data Mining (ICDM)",
     year      = 2008,
}



@Proceedings{HOTMETRICS09,
  booktitle = "The 2nd Workshop on Hot Topics in Measurement and Modeling of Computer Systems (HotMetrics)",
  year = 2009,
}

@Proceedings{HOTOS09,
  booktitle = "The 12th Workshop on Hot Topics in Operating Systems (HotOS XII)",
  year = 2009,
}

@Proceedings{HOTOS13,
  booktitle = "The 14th Workshop on Hot Topics in Operating Systems (HotOS XIV)",
  year = 2013,
}


@Proceedings{IPDPS04,
  booktitle = "The 18th International Parallel and Distributed Processing Symposium (IPDPS)",
  year = 2004,
}

@Proceedings{LADIS08,
  booktitle = "The 2nd Workshop on Large-Scale Distributed Systems and Middleware (LADIS)",
  year = 2008,
}

@Proceedings{LISA07,
  booktitle = "Proceedings of the 21st Large Installation System Administration Conference (LISA)",
  year = 2007,
}

@Proceedings{MIDDLEWARE98,
  booktitle = "International Middleware Conference (Middleware)",
  year = 1998,
}

@Proceedings{MIDDLEWARE01,
  booktitle = "International Middleware Conference (Middleware)",
  year = 2001,
}



@Proceedings{SC04,
  booktitle = "Proceedings of the 2004 Conference on High Performance Networking and Computing (SC)",
  year = 2004,
}

@Proceedings{SC06,
  booktitle = "Proceedings of the 2006 Conference on High Performance Networking and Computing (SC)",
  year = 2006,
}

@Proceedings{SC07,
  booktitle = "Proceedings of the 2007 Conference on High Performance Networking and Computing (SC)",
  year = 2007,
}

@Proceedings{SC08,
  booktitle = "Proceedings of the 2008 Conference on High Performance Networking and Computing (SC)",
  year = 2008,
}



% SRDS



@Proceedings{SRDS02,
  booktitle = "The 21st Symposium on Reliable Distributed Systems (SRDS)",
  year = 2002,
}

@Proceedings{SRDS04,
  booktitle = "The 23rd Symposium on Reliable Distributed Systems (SRDS)",
  year = 2004,
}


% systor


@Proceedings{SYSTOR11,
  booktitle = "The 4th Annual International Systems and Storage Conference (SYSTOR)",
  year = 2011,
}


@Proceedings{SYSTOR13,
  booktitle = "The 6th Annual International Systems and Storage Conference (SYSTOR)",
  year = 2013,
}

@Proceedings{SYSTOR15,
  booktitle = "The 8th Annual International Systems and Storage Conference (SYSTOR)",
  year = 2015,
}



% WA

@Proceedings{WAIM13,
  booktitle = "The 14th International Conference on Web-Age Information Management (WAIM)",
  year = 2013,
}

@Proceedings{WASL08,
  booktitle = "The 1st Workshop on the Analysis of System Logs (WASL)",
  year = 2008,
}


% WR

@Proceedings{WREN09,
  booktitle = "ACM SIGCOMM 2009 Workshop Research on Enterprise Networking (WREN)",
  year = 2009,
}

% WODA

@Proceedings{WODA09,
  booktitle = "The 7th International Workshop on Dynamic Analysis (WODA)",
  year = 2009,
}

@Proceedings{HotPar11,
  booktitle = "The 3rd USENIX Workshop on Hot Topics in Parallelism (HOTPAR)",
  year = 2011,
}

% ICDMW

@Proceedings{ICDMW10,
  booktitle = "10th IEEE International Conference on Data Mining Workshops (ICDMW)",
  year = 2010,
}

