


% ============================================================================
% ============================================================================

@string{jan = "January" }
@string{feb = "February" }
@string{mar = "March" }
@string{apr = "April" }
@string{may = "May" }
@string{jun = "June" }
@string{jul = "July" }
@string{aug = "August" }
@string{sep = "September" }
@string{oct = "October" }
@string{nov = "November" }
@string{dec = "December" }

@string{jan2 = "Jan." }
@string{feb2 = "Feb." }
@string{mar2 = "Mar." }
@string{apr2 = "Apr." }
@string{may2 = "May" }
@string{jun2 = "Jun." }
@string{jul2 = "Jul." }
@string{aug2 = "Aug." }
@string{sep2 = "Sep." }
@string{oct2 = "Oct." }
@string{nov2 = "Nov." }
@string{dec2 = "Dec." }

@string{sciam   = "Scientific American"}
@string{bltj    = "AT\&T Bell Laboratories Technical Journal" }
@string{byte    = "Byte" }
@string{cacm    = "Communications of the ACM" }
@string{cj      = "The Computer Journal" }
@string{commun  = "IEEE Communications" }
@string{computer= "IEEE Computer" }
@string{comping = "Computing" }
@string{debu    = "IEEE Data Engineering Bulletin" }

@string{fmsd    = "Formal Methods in System Design" }

@string{ibmjrd  = "IBM Journal of Research and Development" }
@string{ijpp    = "International Journal of Parallel Programing" }
@string{jacm    = "Journal of the ACM" }
@string{jai     = "Journal of Artificial Intelligence" }
@string{jsac    = "IEEE Journal on Selected Areas in Communications" }
@string{lncs    = "Lecture Notes in Computer Science" }
@string{micro   = "IEEE Micro" }
@string{network = "IEEE Network" }
@string{osrev   = "Operating Systems Review" }
@string{parco   = "Parallel Computing" }
@string{sciam   = "Scientific American" }
@string{sigact  = "ACM SIGACT News" }
@string{sigplan = "ACM SIGPLAN Notices" }
@string{soft    = "IEEE Software" }
@string{spe     = "Software---Practice and Experience" }
@string{spectr  = "IEEE Spectrum" }
@string{surv    = "ACM Computing Surveys" }

@string{tcom    = "IEEE Transactions on Communications" }
@string{tdsc    = "IEEE Transactions on Dependable and Secure Computing" }
@string{toc     = "IEEE Transactions on Computers" }
@string{tocs    = "ACM Transactions on Computer Systems" }
@string{tos     = "ACM Transactions on Storage" }
@string{tods    = "ACM Transactions on Database Systems" }
@string{toplas  = "ACM Transactions on Programming Languages and Systems" }

@string{tse    = "IEEE Transactions on Software Engineering" }

@string{tosem   = "ACM Transactions on Software Engineering and Methodology" }

@string{tpds    = "IEEE Transactions on Parallel and Distributed Systems" }
@string{ton     = "IEEE Transactions on Networking" }
@string{hp      = "Hewlett Packard Laboratories"}

% ============================================================================
% ============================================================================

@string{login   = "USENIX ;login: Magazine"}