

@InProceedings{Yang+09-MODIST-EtAl,
  author = {J. Yang and et al.},
  title = "{MODIST: Transparent Model Checking of Unmodified Distributed Systems}",
  crossref = "NSDI09",
}

@InProceedings{Guo+11-DeMeter-EtAl, 
       author = {H. Guo and et al.},
        title = "{Practical Software Model Checking via Dynamic Interface Reduction}",
     crossref = {SOSP11}, 
}


@InProceedings{Gunawi+11-FateDestini-EtAl,
    author = "Haryadi S. Gunawi and et al.",
     title = "{\textsc{Fate} and \textsc{Destini}: A
                  Framework for Cloud Recovery Testing}",
  crossref = {NSDI11}, 
}


@InProceedings{DoGunawi13-Limping-EtAl,
    author = {T. Do and H. Gunawi},
     title = "{The Case for Limping-Hardware Tolerant Clouds}",
  crossref = {HOTCLOUD13},
}

@Misc{Do+13-Limplock-EtAl,
    author = {T. Do  and et al.},
     title = "{Understanding Limplock: The Impact of Limping Hardware on Cloud Systems}",
  howpublished = "\textit{In Submission to SoCC '13}
           (\url{http://tiny.cc/27jr1w})",
  year = 2013,
}



@InProceedings{Calder+11-Azure-EtAl, 
        author = {Brad Calder and et al.},
        title = "{Windows Azure Storage: A Highly Available Cloud Storage Service with Strong Consistency}",
     crossref = {SOSP11}, 
}

