% bib conferences

% COMPLETE WITH ADDRESS, YEAR, etc.


@Proceedings{X,
  booktitle = "",
  address = "",
  month = jan,
  year = 2,
}

@Proceedings{XXX10,
  booktitle = "XXX",
  address = "XXX",
  month = jan,
  year = 2010,
}

@Proceedings{ADS05,
  booktitle = "Agent-Directed Simulation (ADS '05)",
  address = "San Diego, California",
  month   = apr,
  year    = 2005,
}

@Proceedings{AMAST95,
  booktitle = "4th International Conference on Algebraic Methodology and Software Technology (AMAST '95)",
  address = "Montreal, Canada",
  month = jul,
  year = 1995,
}

@Proceedings{ASPLOS87,
  booktitle = "Proceedings of the 2nd International Conference on Architectural Support for Programming Languages and Operating Systems (ASPLOS '87)",
}

@Proceedings{ASPLOS91,
  booktitle = "Proceedings of the 4th International Conference on Architectural Support for Programming Languages and Operating Systems (ASPLOS '91)",
}

@Proceedings{ASPLOS92,
  booktitle = "Proceedings of the 5th International Conference on Architectural Support for Programming Languages and Operating Systems (ASPLOS '92)",
}

@Proceedings{ASPLOS94,
  Booktitle = "Proceedings of the 6th International Conference on Architectural Support for Programming Languages and Operating Systems (ASPLOS '94)",
}

@Proceedings{ASPLOS96,
  Booktitle = "Proceedings of the 7th International Conference on Architectural Support for Programming Languages and Operating Systems (ASPLOS '96)",
}

@Proceedings{ASPLOS98,
  booktitle = "Proceedings of the 8th International Conference on Architectural Support for Programming Languages and Operating Systems (ASPLOS '98)",
}

@Proceedings{ASPLOS00,
  booktitle = "Proceedings of the 9th International Conference on Architectural Support for Programming Languages and Operating Systems (ASPLOS '00)",
}

@Proceedings{ASPLOS02,
  booktitle = "Proceedings of the 10th International Conference on Architectural Support for Programming Languages and Operating Systems (ASPLOS '02)",
}

@Proceedings{ASPLOS04,
  booktitle = "Proceedings of the 11th International Conference on Architectural Support for Programming Languages and Operating Systems (ASPLOS XI)",
  address = "Boston, Massachusetts",
  month = oct,
  year = 2004,
}

@Proceedings{ASPLOS06,
  booktitle = "Proceedings of the 12th International Conference on Architectural Support for Programming Languages and Operating Systems (ASPLOS '06)",
}

@Proceedings{ASPLOS08,
  booktitle = "Proceedings of the 13th International Conference on Architectural Support for Programming Languages and Operating Systems (ASPLOS '08)",
}

@Proceedings{ASPLOS09,
  booktitle = "Proceedings of the 14th International Conference on Architectural Support for Programming Languages and Operating Systems (ASPLOS '09)",
}

@Proceedings{ASPLOS10,
  booktitle = "Proceedings of the 15th International Conference on Architectural Support for Programming Languages and Operating Systems (ASPLOS '10)",
}


@Proceedings{ASPLOS11,
  booktitle = "Proceedings of the 16th International Conference on Architectural Support for Programming Languages and Operating Systems (ASPLOS '11)",
}



@Proceedings{ASPLOS12,
  booktitle = "Proceedings of the 17th International Conference on Architectural Support for Programming Languages and Operating Systems (ASPLOS '12)",
}


% AT

@PROCEEDINGS{ATC09,
  booktitle = {Proceedings of the 2009 USENIX Annual Technical 
              Conference (ATC '09)},
}

@PROCEEDINGS{ATC10,
  booktitle = {Proceedings of the 2010 USENIX Annual Technical 
              Conference (ATC '10)},
}


@PROCEEDINGS{ATC11,
  booktitle = {Proceedings of the 2011 USENIX Annual Technical 
               Conference (ATC '11)},
}

@PROCEEDINGS{ATC12,
  booktitle = {Proceedings of the 2012 USENIX Annual Technical 
               Conference (ATC '12)},
}


% 
% B
% 

@Proceedings{BSDCON02,
  booktitle = "Proceedings of BSDCon 2002 (BSDCon '02)",
  address = "San Fransisco, California",
  month = feb,
  year = 2002,
}

%
% CC
% 

@Proceedings{CC02,
  booktitle = "International Conference on Compiler Construction (CC '02)",
  pages     = "213--228",
  year      = "2002",
  month = apr
}



@Proceedings{CCA08,
  booktitle = "Cloud Computing and Its Applications 2008 (CCA '08)",
  year      = "2008",
  month = oct,
  address = "Chicago, IL",
}


@Proceedings{CCS93,
  booktitle = "Proceedings of the 1st ACM Conference on Computer and Communications Security (CCS '93)",
  address = "Fairfax, Virginia",
  month = nov,
  year = 1993,
}

@Proceedings{CCS94,
  booktitle = "Proceedings of the 2nd ACM Conference on Computer and Communications Security (CCS '93)",
  address = "Fairfax, Virginia",
  month = nov,
  year = 1994,
}

@Proceedings{CCS02,
  booktitle = "Proceedings of the 9th ACM Conference on Computer and Communications Security (CCS '02)",
  address = "Washington, DC",
  month = nov,
  year = 2002,
}

%
% CC
% 

@Proceedings{CONEXT10,
  booktitle = "The 6th International Conference on emerging Networking EXperiments and Technologies (CoNEXT '10)",
}


% DISC
@Proceedings{DISC00,
  booktitle = "International Symposium on Distributed Computing (DISC '00)",
  address   = "Toledo, Spain",
  month     = oct,
  year      = 2000,
}


% DSN

@Proceedings{DSN00,
  booktitle = "Proceedings of the International Conference on Dependable Systems and Networks (DSN '00)",
  address = "New York, New York",
  month = jun,
  year = 2000,
}

@Proceedings{DSN01,
  booktitle = "Proceedings of the International Conference on Dependable Systems and Networks (DSN '01)",
  address = "Goteborg, Sweden",
  month = jun,
  year = 2001,
}

@Proceedings{DSN02,
  booktitle = "Proceedings of the International Conference on Dependable Systems and Networks (DSN '02)",
  address = "Bethesda, Maryland",
  month = jun,
  year = 2002,
}

@Proceedings{DSN03,
  booktitle = "Proceedings of the International Conference on Dependable Systems and Networks (DSN '03)",
  address = "San Francisco, California",
  month = jun,
  year = 2003,
}

@Proceedings{DSN05,
  booktitle = "Proceedings of the International Conference on Dependable Systems and Networks (DSN '05)",
  address = "Yokohama, Japan",
  month = jun,
  year = 2005,
}

@Proceedings{DSN06,
  booktitle = "Proceedings of the International Conference on Dependable Systems and Networks (DSN '06)",
  address = "Philadelphia, Pennsylvania",
  month = jun,
  year = 2006,
}

@Proceedings{DSN08,
 booktitle = "Proceedings of the International Conference on Dependable Systems and Networks (DSN '08)",
  address = "Anchorage, Alaska",
  month = jun,
  year = 2008,
}


@Proceedings{DSN09,
 booktitle = "Proceedings of the International Conference on Dependable Systems and Networks (DSN '09)",
  address = "Lisbon, Portugal",
  month = jun,
  year = 2009,
}

%
% E
%

@Proceedings{ECOOP04,
  booktitle = "Proceedings of the 18th European Conference on 
Object-Oriented Programming (ECOOP '04)",
  address   = "Oslo, Norway",
  month     = jun,
  year      = {2004},
}

% EUROSYS

@Proceedings{EUROSYS06,
  booktitle = "Proceedings of the 2006 EuroSys Conference (EuroSys '06)",
}

@Proceedings{EUROSYS07,
  booktitle = "Proceedings of the 2007 EuroSys Conference (EuroSys '07)",
}

@Proceedings{EUROSYS09,
  booktitle = "Proceedings of the 2009 EuroSys Conference (EuroSys '09)",
}

@Proceedings{EUROSYS10,
  booktitle = "Proceedings of the 2010 EuroSys Conference (EuroSys '10)",
}

@Proceedings{EUROSYS11,
  booktitle = "Proceedings of the 2011 EuroSys Conference (EuroSys '11)",
}
@Proceedings{EUROSYS12,
  booktitle = "Proceedings of the 2012 EuroSys Conference (EuroSys '12)",
}




% FAST

@Proceedings{FAST02,
  booktitle = "Proceedings of the 1st USENIX Symposium on File
                  and Storage Technologies (FAST '02)",
}

@Proceedings{FAST03,
  booktitle = "Proceedings of the 2nd USENIX Symposium on File
                  and Storage Technologies (FAST '03)",
}

@Proceedings{FAST04,
  booktitle = "Proceedings of the 3rd USENIX Symposium on File
                  and Storage Technologies (FAST '04)",
}

@Proceedings{FAST05,
  booktitle = "Proceedings of the 4th USENIX Symposium on File
                  and Storage Technologies (FAST '05)",
}

@Proceedings{FAST07,
  booktitle = "Proceedings of the 5th USENIX Symposium on File
                  and Storage Technologies (FAST '07)",
}

@Proceedings{FAST08,
  booktitle = "Proceedings of the 6th USENIX Symposium on File
                  and Storage Technologies (FAST '08)",
}

@Proceedings{FAST09,
  booktitle = "Proceedings of the 7th USENIX Symposium on File
                  and Storage Technologies (FAST '09)",
}

@Proceedings{FAST10,
  booktitle = "Proceedings of the 8th USENIX Symposium on File
                  and Storage Technologies (FAST '10)",
}

@Proceedings{FAST11,
  booktitle = "Proceedings of the 9th USENIX Symposium on File
                  and Storage Technologies (FAST '11)",
}

@Proceedings{FAST12,
  booktitle = "Proceedings of the 10th USENIX Symposium on File
                  and Storage Technologies (FAST '12)",
}

@Proceedings{FAST13,
  booktitle = "Proceedings of the 11th USENIX Symposium on File
                  and Storage Technologies (FAST '13)",
}




@Proceedings{FASTWIP05,
  booktitle = "A Work in Progress at the Proceedings of the 4th USENIX Symposium on File and Storage Technologies (FAST-WIP '05)",
  address = "San Francisco, California",
  month = dec,
  year = {2005},
}

@Proceedings{FOCS96,
  booktitle = "The 37th Annual Symposium on Foundations of Computer Science (FOCS '96)",
  address = "Burlington, Vermont",
  month = oct,
  year = {1996},
}

@PROCEEDINGS{FREENIX01,
  booktitle = {Proceedings of the USENIX Annual Technical Conference (FREENIX Track)},
  month = jun,
  year = "2001",
  address = "Boston, Massachusetts",
}

@Proceedings{FREENIX02,
  booktitle =    "Proceedings of the USENIX Annual Technical Conference (FREENIX Track)",
  month = 	 jun,
  year = 	 "2002",
  address = 	 "Monterey, California",
}

@Proceedings{FSE00,
  booktitle = "Proceedings of the 8th ACM SIGSOFT international symposium on Foundations of software engineering (FSE '00)",
  address = "San Diego, California",
  month = nov,
  year = 2000,
}

@Proceedings{FTCS21,
  booktitle = "Proceedings of the 21st International Symposium on Fault-Tolerant Computing (FTCS-21)",
  address = "Montreal, Canada",
  month = "June",
  year = {1991},
}

@Proceedings{FTCS23,
  booktitle = "Proceedings of the 23rd International Symposium on Fault-Tolerant Computing (FTCS-23)",
  address = "Toulouse, France",
  month = jun,
  year = 1993,
}



@Proceedings{FTCS28,
  booktitle = "Proceedings of the 28th International Symposium on Fault-Tolerant Computing (FTCS-21)",
  address = "Munich, Germany",
  month = "June",
  year = {1999},
}

@Proceedings{FTCS29,
  booktitle = "Proceedings of the 29th International Symposium on Fault-Tolerant Computing (FTCS-29)",
  address = "Madison, Wisconsin",
  month = jun,
  year = 1999,
}


% 
% G
% 

@Proceedings{GoogleIO08,
  booktitle = "Google I/O",
  address = "San Francisco, California",
  month = may,
  year = 2008,
}


@Proceedings{HASE01,
  booktitle = "The 6th IEEE International Symposium on High-Assurance Systems Engineering (HASE '01)",
  address = "Boca Raton, Florida",
  month = oct,
  year = 2001,
}

@Proceedings{HOTDEP05,
  booktitle = "IEEE 1st Workshop on Hot Topics in System Dependability (HotDep '05)",
  address = "Yokohama, Japan",
  month = june,
  year = 2005,
}

@Proceedings{HOTDEP06,
  booktitle = "IEEE 2nd Workshop on Hot Topics in System Dependability (HotDep '06)",
  address = "Seattle, Washington",
  month = nov,
  year = 2006,
}

@Proceedings{HOTDEP07,
  booktitle = "The 3rd Workshop on Hot Topics in System Dependability (HotDep '07)",
  address = "Edinburgh, UK",
  month = jun,
  year = 2007,
}

@Proceedings{HOTDEP09,
  booktitle = "The 5th Workshop on Hot Topics in System Dependability (HotDep '09)",
  address = "Lisbon, Portugal",
  month = jun,
  year = 2009,
}

@Proceedings{HOTNETS02,
  booktitle    = "The First Workshop on Hot Topics in Networks (HotNets-I)",
  year         = 2002,
  month        = oct,
  address      = "Princeton, New Jersey",
}

%
% HOTCLOUD
%

@Proceedings{HOTCLOUD09,
  booktitle = "Workshop on Hot Topics in Cloud Computing (HotCloud '09)",
  address = "San Diego, California",
  month = jun,
  year = "2009",
}

@Proceedings{HOTCLOUD12,
  booktitle = "4th USENIX Workshop on Hot Topics in Cloud Computing (HotCloud '12)",
}

%
% HOTOS
%

@Proceedings{HOTOS95,
  booktitle    = "The Fifth Workshop on Hot Topics in Operating Systems (HotOS V)",
  year         = 1995,
  month        = "May",
  address      = "Orcas Island, Washington",
}

@Proceedings{HOTOS99,
  booktitle    = "The Eighth Workshop on Hot Topics in Operating Systems (HotOS VII)",
  year         = "1999",
  month        = mar,
  address      = "Rio Rico, Arizona",
}

@Proceedings{HOTOS01,
  booktitle    = "The Eighth Workshop on Hot Topics in Operating Systems (HotOS VIII)",
  year         = "2001",
  month        = may,
  address      = "Schloss Elmau, Germany",
}

@Proceedings{HOTOS03,
  booktitle    = "The Ninth Workshop on Hot Topics in Operating Systems (HotOS IX)",
  year         = "2003",
  month        = may,
  address      = "Lihue, Hawaii",
}

@Proceedings{HOTOS05,
  booktitle    = "The Tenth Workshop on Hot Topics in Operating Systems (HotOS X)",
  year         = 2005,
  month        = jun,
  address      = "Sante Fe, New Mexico",
} 

@Proceedings{HOTOS07,
  booktitle    = "The Eleventh Workshop on Hot Topics in Operating Systems (HotOS XI)",
  year         = 2007,
  month        = may,
  address      = "San Deigo, California",
}

@Proceedings{HOTOS11,
  booktitle    = "The 13th Workshop on Hot Topics in Operating Systems (HotOS XIII)",
  year         = 2011,
}

%
% HPCA
%

@Proceedings{HPCA98,
  booktitle = {Proceedings of the 4th International Symposium on High Performance Computer Architecture (HPCA-4)},
  month     = feb,
  year      = {1998},
  address   = {Las Vegas, Nevada},
}

@Proceedings{HPCA99,
  booktitle = {Proceedings of the 5th International Symposium on High Performance Computer Architecture (HPCA-5)},
  month     = jan,
  year      = {1999},
  address   = {Orlando, Florida},
}

@Proceedings{HPCA05,
  booktitle = {Proceedings of the 11th International Symposium on High Performance Computer Architecture (HPCA-11)},
  month     = feb,
  year      = {2005},
  address   = {San Francisco, California},
}

%
% HPDC
% 

@Proceedings{HECFSIO10,
  booktitle = "High-End Computing File Systems and I/O Workshop (HEC FSIO '10)", 
  address = "Arlington, VA",
  month = aug,
  year = 2010,
}

@Proceedings{HOTDEP10,
  booktitle = "The 6th Workshop on Hot Topics in System Dependability (HotDep '10)", 
  address = "Vancouver, Canada",
  month = oct,
  year = 2010,
}


@Proceedings{HPDC98,
  booktitle = "Proceedings of the 7th IEEE International Symposium on High Performance Distributed Computing (HPDC 7)", 
  address = "Chicago, Illinois",
  month = jul,
  year = 1998,
}

@Proceedings{HPDC01,
  booktitle = "Proceedings of the 10th IEEE International Symposium on High Performance Distributed Computing (HPDC 10)",
  address = "San Francisco, California", 
  month = "August",
  year = "2001",
}

@Proceedings{HPDC02,
  booktitle = "Proceedings of the 11th IEEE International Symposium on High Performance Distributed Computing (HPDC 11)",
  address = "Edinburgh, Scotland", 
  month = "July",
  year = "2002",
}

@Proceedings{HPDC03,
  booktitle = "Proceedings of the 12th IEEE International Symposium on High Performance Distributed Computing (HPDC 12)",
  address = "Seattle, Washington",
  month = jun,
  year  = 2003,
}

% ICAC
@Proceedings{ICAC06,
  booktitle = "The 3rd IEEE International Conference on Autonomic Computing (ICAC '06)",
  address   = "Dublin, Ireland",
  month     = jun,
  year      = "2006",
}

%
% ICDCS
%

@Proceedings{ICDCS90,
  booktitle = "International Conference on Distributed Computing Systems (ICDCS '90)",
  address   = "Paris, France",
  month     = may,
  year      = 1990,
}

@Proceedings{ICDCS93,
  booktitle = "International Conference on Distributed Computing Systems (ICDCS '93)",
  address   = "Pittsburgh, Pennsylvania",
  month     = may,
  year      = 1993,
}

@Proceedings{ICDCS00,
  booktitle = "International Conference on Distributed Computing Systems (ICDCS '00)",
  address   = "Taipei, Taiwan",
  month     = oct,
  year      = 2000,
}

@Proceedings{ICFEM04,
  booktitle = "Proceedings of the 6th International Conference on Formal Engineering Methods (ICFEM '04)",
  address = "Seattle, Washington",
  month = nov,
  year = 2004,
}

% ICSE


@Proceedings{ICSE97,
  booktitle = "International Conference on Software Engineering (ICSE '97)",
  month     = may,
  address   = "Boston, Massachusetts",
  year      = "1997",
}

@Proceedings{ICSE00,
  booktitle = "Proceedings of the 22nd international conference on Software engineering (ICSE '00)",
  address = "Limerick, Ireland",
  month = jun,
  year = 2000,
}

@Proceedings{ICSE05,
  booktitle = "International Conference on Software Engineering (ICSE '05)", 
  month     = may,
  address   = "St. Louis, Missouri",
  year      = "2005",
}

@Proceedings{ICDE90,
  booktitle = {Proceedings of 6th International Conference on Data Engineering (ICDE '90)}, 
  address   = "Los Angeles, California",
  month     = feb,
  year      = {1990},
}




@Proceedings{ICDE10,
 booktitle = "Proceedings of the 26th International Conference on Data Engineering (ICDE '10)",
     month = mar,
      year = "2010",
   address = "Long Beach, California",
}


% ICS

@Proceedings{ICSOC10,
 booktitle = "Proceedings of the 8th International Conference on Service Oriented Computing (ICSOC '10)",
   month = dec,
    year = "2010",
  address = "San Francisco, California",
}



@Proceedings{IEEESP06,
  booktitle = {IEEE Security and Privacy (SP '06)},
  address   = "Berkeley, California",
  month     = may,
  year      = "2006",
}


@Proceedings{IOPADS97,
  booktitle = "The 1997 Workshop on Input/Output in Parallel and Distributed Systems (IOPADS '97)",
  address   = "San Jose, California",
  month     = nov,
  year      = "1997",
}

@Proceedings{IOPADS99,
  booktitle = "The 1999 Workshop on Input/Output in Parallel and Distributed Systems (IOPADS '99)",
  address   = "Atlanta, Georgia",
  month     = may,
  year      = "1999",
}

@Proceedings{IPDS02,
  booktitle = "Proceedings of the International Conference on Dependable Systems and Networks (DSN-2002)",
  address =   "Washington, DC",
  month =     jun,
  year =      "2001",
}

% IN

@Proceedings{INFOCOMM01,
  booktitle = "INFOCOMM '01",
  address =   "Anchorage, Alaska",
  month =     apr,
  year =      "2001",
}

@Proceedings{INFOCOM11,
  booktitle = "The 30th IEEE International Conference on Computer Communications (INFOCOM '11)",
}

%
% ISCA
%

@Proceedings{ISCA90,
  Booktitle = "Proceedings of the 17th Annual International Symposium on Computer Architecture (ISCA '90)",
  Address = "Seattle, Washington",
  Month = may,
  Year = {1992},
}

@Proceedings{ISCA92,
  Booktitle = "Proceedings of the 19th Annual International Symposium on Computer Architecture (ISCA '92)",
  Address = "Gold Coast, Australia",
  Month = may,
  Year = {1992},
}

@Proceedings{ISCA93,
  Booktitle = "Proceedings of the 20th Annual International Symposium on Computer Architecture (ISCA '93)",
   address = {San Diego, California},
   year = "1993",
   month = "May",
}

@Proceedings{ISCA94,
  booktitle = "Proceedings of the 21st Annual International Symposium on Computer Architecture (ISCA '94)",
  address = "Chicago, Illinois",
  month = apr,
  year = {1994},
}

@Proceedings{ISCA95,
  booktitle = "Proceedings of the 22nd Annual International Symposium on Computer Architecture (ISCA '95)",
  address = "Santa Margherita Ligure, Italy",
  month = jun,
  year = {1995},
}

@Proceedings{ISCA97,
  booktitle = {Proceedings of the 24th Annual International Symposium on Computer Architecture (ISCA '97)},
  year = {1997},
  month = may,
  address = "Denver, Colorado",
}

@Proceedings{ISCA98,
  booktitle = "Proceedings of the 25th Annual International Symposium on Computer Architecture (ISCA '98)",
  year = {1998},
  month = Jun,
  address = "Barcelona, Spain",
}

@Proceedings{ISCA01,
  booktitle = "Proceedings of the 28th Annual International Symposium on Computer Architecture (ISCA '01)",
  year = {2001},
  month = Jun,
  address = "Goteborg, Sweden",
}

@Proceedings{ISCA04,
  booktitle = "Proceedings of the 31st Annual International Symposium on Computer Architecture (ISCA '04)",
  year = {2004},
  month = Jun,
  address = "Munich, Germany",
}

@Proceedings{ISCA05,
  booktitle = "Proceedings of the 32nd Annual International Symposium on Computer Architecture (ISCA '05)",
  year = {2005},
  month = Jun,
  address = "Madison, Wisconsin",
}

% ISSR


@Proceedings{ISSRE96,
  booktitle = "Proceedings of the IEEE International Symposium on Software Reliability (ISSRE '96)",
   year = "1996",
  address = "Washington, DC",
}

@Proceedings{ISSRE07,
  booktitle = "Proceedings of the IEEE International Symposium on Software Reliability (ISSRE '07)",
   year = "2007",
   month = nov,
  address = "Trolhattan, Sweden",
}

%
% ISSTA
%

@Proceedings{ISSTA02,
  booktitle = "Proceedings of the International Symposium on Software Testing and Analysis (ISSTA '02)",
  year = {2002},
  month = Jul,
  address = "Rome, Italy",
}


@Proceedings{ISSTA04,
  booktitle = "Proceedings of the International Symposium on Software Testing and Analysis (ISSTA '04)",
  year = {2004},
  month = jul,
  address = "Boston, Massachusetts",
}

@Proceedings{ISSTA07,
  booktitle = "Proceedings of the International Symposium on Software Testing and Analysis (ISSTA '07)",
  year = {2007},
  month = Jul,
  address = "London, United Kingdom",
}

%
% IVNET
%

@Proceedings{IVNET06,
  booktitle = "Proceedings of the International Conference on Innovative Views of .NET Technologies (IVNET '06)",
  address = "Florianopolis, Brazil",
  month = oct,
  year = 2006,
}


%
% L
% 

@Proceedings{LADIS09,
  booktitle = "The 3rd ACM SIGOPS International Workshop on Large Scale Distributed Systems and Middleware (LADIS '09)",
  address = "Florianopolis, Brazil",
  month = oct,
  year = 2009,
}


%
% M
%


@Proceedings{MASCOTS04,
  booktitle = "Proceedings of the 12th Annual Meeting of the IEEE International Symposium on Modeling, Analysis, and Simulation of Computer and Telecommunication Systems (MASCOTS)",
  year = "2004",
  address = "Volendam, Netherlands",
  month = oct,
}


@Proceedings{MIX10,
  booktitle = "Microsoft MIX: Designers and Developers (MIX '10)",
  year = 2010,
  address = "Las Vegas, Nevada",
  month = mar,
}


@Proceedings{MICRO08,
  booktitle = "41st Annual IEEE/ACM International Symposium on Microarchitecture (MICRO-41)",
  year = 2008,
}

@Proceedings{MICRO09,
  booktitle = "42nd Annual IEEE/ACM International Symposium on Microarchitecture (MICRO-42)",
  year = 2009,
}


@Proceedings{MSST04,
  booktitle = "Proceedings of the 12th NASA Goddard / 21st IEEE Conference on Mass Storage Systems and Technologies",
  address = "Adelphi, Maryland",
  month = apr,
  year = 2004,
}

@Proceedings{MSST05,
  booktitle = "Proceedings of the 22nd IEEE / 13th NASA Goddard Conference on Mass Storage Systems and Technologies",
  address = "Monterey, California",
  month = apr,
  year = 2005,
}

@Proceedings{MSST10,
  booktitle = "Proceedings of the 26th IEEE Symposium on Massive Storage Systems and Technologies (MSST '10)",
  address = "Incline Village, Nevada",
  month = may,
  year = 2010,
}




%
% MobiCom
%

@Proceedings{MOBICOM99,
  booktitle = "Proceedings of the 5th ACM International Conference on Mobile Computing and Networking (MobiCom '99)",
  address   = "Seattle, Washington",
  month     = aug,
  year      = "1999",
}

%
% MobiHoc
%

@Proceedings{MOBIHOC03,
  booktitle = "Proceedings of the 4th ACM Symposium on Mobile Ad Hoc Network and Computing (MobiHoc '03)",
  address   = "Annapolis, Maryland",
  month     = jun,
  year      = "2003",
}


%
% NSDI
%

@Proceedings{NSDI04,
  booktitle = "Proceedings of the 1st Symposium on Networked
                  Systems Design and Implementation (NSDI '04)",
}

@Proceedings{NSDI05,
  booktitle = "Proceedings of the 2nd Symposium on Networked
                  Systems Design and Implementation (NSDI '05)",
}

@Proceedings{NSDI06,
  booktitle = "Proceedings of the 3rd Symposium on Networked
                  Systems Design and Implementation (NSDI '06)",
}

@Proceedings{NSDI07,
  booktitle = "Proceedings of the 4th Symposium on Networked
                  Systems Design and Implementation (NSDI '07)",
}

@Proceedings{NSDI08,
  booktitle = "Proceedings of the 5th Symposium on Networked
                  Systems Design and Implementation (NSDI '08)",
}

@Proceedings{NSDI09,
  booktitle = "Proceedings of the 6th Symposium on Networked
                  Systems Design and Implementation (NSDI '09)",
}

@Proceedings{NSDI10,
  booktitle = "Proceedings of the 7th Symposium on Networked
                  Systems Design and Implementation (NSDI '10)",
}

@Proceedings{NSDI11,
  booktitle = "Proceedings of the 8th Symposium on Networked
                  Systems Design and Implementation (NSDI '11)",
}

@Proceedings{NSDI12,
  booktitle = "Proceedings of the 9th Symposium on Networked
                  Systems Design and Implementation (NSDI '12)",
}

@Proceedings{NSDI13,
  booktitle = "Proceedings of the 10th Symposium on Networked
                  Systems Design and Implementation (NSDI '13)",
}





% OLS


@Proceedings{OLS06,
  booktitle = "Ottawa Linux Symposium (OLS '06)",
    address = "Ottawa, Canada",
      month = jul,
       year = "2006",
}

%
% OSDI
%

@Proceedings{OSDI94,
  booktitle = "Proceedings of the 1st Symposium on Operating
                  Systems Design and Implementation (OSDI '94)",
}

@Proceedings{OSDI96,
  booktitle = "Proceedings of the 2nd Symposium on Operating
                  Systems Design and Implementation (OSDI '96)",
}

@Proceedings{OSDI99,
  booktitle = "Proceedings of the 3rd Symposium on Operating
                  Systems Design and Implementation (OSDI '99)",
}

@Proceedings{OSDI00,
  booktitle = "Proceedings of the 4th Symposium on Operating
                  Systems Design and Implementation (OSDI '00)",
}

@Proceedings{OSDI02,
  booktitle = "Proceedings of the 5th Symposium on Operating
                  Systems Design and Implementation (OSDI '02)",
}

@Proceedings{OSDI04,
  booktitle = "Proceedings of the 6th Symposium on Operating
                  Systems Design and Implementation (OSDI '04)",
}

@Proceedings{OSDI06,
  booktitle = "Proceedings of the 7th Symposium on Operating
                  Systems Design and Implementation (OSDI '06)",
}

@Proceedings{OSDI08,
  booktitle = "Proceedings of the 8th Symposium on Operating
                  Systems Design and Implementation (OSDI '08)",
}

@Proceedings{OSDI10,
  booktitle = "Proceedings of the 9th Symposium on Operating
                  Systems Design and Implementation (OSDI '10)",
}

@Proceedings{OSDI12,
  booktitle = "Proceedings of the 10th Symposium on Operating
                  Systems Design and Implementation (OSDI '12)",
}

@Proceedings{OSDI14,
  booktitle = "Proceedings of the 11th Symposium on Operating
                  Systems Design and Implementation (OSDI '14)",
}

@Proceedings{OSDI16,
  booktitle = "Proceedings of the 12nd Symposium on Operating
                  Systems Design and Implementation (OSDI '16)",
}

@Proceedings{OSDI18,
  booktitle = "Proceedings of the 13th Symposium on Operating
                  Systems Design and Implementation (OSDI '18)",
}



% PA

@Proceedings{PASTE01,
  booktitle = "ACM SIGPLAN-SIGSOFT Workshop on Program Analysis for Software Tools and Engineering (PASTE '01)",
  month     = jun,
  address   = "Snowbird, Utah",
  year      = "2001",
}


%
% PODC
%

@Proceedings{PODC02,
  booktitle = "Proceedings of the 21st ACM Symposium on Principles of Distributed Computing (PODC '02)",
  month     = jul,
  address   = "Monterey, California",
  year      = "2002",
}

@Proceedings{PODC07,
  booktitle = "Proceedings of the 26th ACM Symposium on Principles of Distributed Computing (PODC '07)",
  month     = aug,
  address   = "Portland, Oregon",
  year      = "2007",
}



%
% PLDI
%

@Proceedings{PLDI96,
  booktitle = "Proceedings of the 1996 ACM SIGPLAN Conference on Programming Language Design and Implementation (PLDI '96)",
  year      = "1996",
  month     = may,
  address   = "Philadephia, Pennsylvania",
}

@Proceedings{PLDI98,
  booktitle = "Proceedings of the 1998 ACM SIGPLAN Conference on Programming Language Design and Implementation (PLDI '98)",
  year      = "1998",
  month     = jun,
  address   = "Montreal, Canada",
}

@Proceedings{PLDI99,
  booktitle = "Proceedings of the 1999 ACM SIGPLAN Conference on Programming Language Design and Implementation (PLDI '99)",
  year      = "1999",
  month     = may,
  address   = "Atlanta, Georgia",
}

@Proceedings{PLDI00,
  booktitle = "Proceedings of the 2000 ACM SIGPLAN Conference on Programming Language Design and Implementation (PLDI '00)",
  year      = "2000",
  month     = jun,
  address   = "Vancouver, Canada",
}

@Proceedings{PLDI01,
  booktitle = "Proceedings of the 2001 ACM SIGPLAN Conference on Programming Language Design and Implementation (PLDI '01)",
  year      = "2001",
  month     = jun,
  address   = "Snowbird, Utah",
}

@Proceedings{PLDI02,
  booktitle = "Proceedings of the 2002 ACM SIGPLAN Conference on Programming Language Design and Implementation (PLDI '02)",
  year      = "2002",
  month     = jun,
  address   = "Berlin, Germany",
}

@Proceedings{PLDI03,
  booktitle = "Proceedings of the 2003 ACM SIGPLAN Conference on Programming Language Design and Implementation (PLDI '03)",
  year      = "2003",
  month     = jun,
  address   = "Berlin, Germany",
}


@Proceedings{PLDI05,
  booktitle = "Proceedings of the ACM SIGPLAN 2005 Conference on Programming Language Design and Implementation (PLDI '05)",
  year      = "2005",
  month     = jun,
  address   = "Chicago, Illinois",
}

@Proceedings{PLDI09,
  booktitle = "Proceedings of the ACM SIGPLAN 2009 Conference on Programming Language Design and Implementation (PLDI '09)",
  year      = "2009",
  month     = jun,
  address   = "Dublin, Ireland",
}

@Proceedings{PLDI12,
  booktitle = "Proceedings of the ACM SIGPLAN 2009 Conference on Programming Language Design and Implementation (PLDI '12)",
  year      = "2012",
}


%
% PLOS
%

@Proceedings{PLOS06,
  booktitle = "Workshop on the Linguistic Support for Modern Operating Systems (PLOS '06)",
  month = oct,
  year = 26,
  address = "San Jose, California",
}

%
% POPL
%

@Proceedings{POPL95,
  booktitle = "Proceedings of the 22nd ACM SIGPLAN-SIGACT Symposium on Principles of Programming Languages (POPL '95)",
  year      = "1995",
  month     = jan,
  address   = "San Fransisco, California",
}

@Proceedings{POPL98,
  booktitle = "Proceedings of the 25th ACM SIGPLAN-SIGACT Symposium on Principles of Programming Languages (POPL '98)",
  year      = "1998",
  month     = jan,
  address   = "San Diego, California",
}

@Proceedings{POPL02,
  booktitle = "The 29th SIGPLAN-SIGACT Symposium on Principles of Programming Languages (POPL '02)",
  year      = "2002",
  month     = jan,
  address   = "Portland, Oregon",
}

@Proceedings{POPL07,
  booktitle = "The 34th SIGPLAN-SIGACT Symposium on Principles of Programming Languages (POPL '07)",
  year      = "2007",
  month     = jan,
  address   = "Nice, France",
}


%
% R....
%


@Proceedings{RMS99,
  booktitle = "Proceedings of the 1999 IEEE Reliability and Maintainability Symposium",
  address   = "Washington, D.C.",
  month     = jan,
  year      = 1999,
}

%
% SC
%

@Proceedings{SC99,
  booktitle = "Supercomputing '99",
  month     = nov,
  address   = "Portland, Oregon",
  year      = "1999",
}

@Proceedings{SC01,
  booktitle = "SC 2001",
  month     = nov,
  year      = "2001",
  address   = "Denver, Colorado",
}

@Proceedings{SC02,
  booktitle = "Supercomputing 2002",
  month = nov,
  year  = 2002,
  address = "Baltimore, Maryland",
}


@Proceedings{SEW04,
  booktitle = "11th ACM SIGOPS European Workshop",
  month     = sep,
  year      = 2004,
  address   = "Leuven, Belgium",
}


%
% SIGCOMM
%

@Proceedings{SIGCOMM87,
  booktitle = "Proceedings of SIGCOMM '87",
  month = aug,
  year = "1987",
}

@Proceedings{SIGCOMM88,
  booktitle = "Proceedings of SIGCOMM '88",
  month = aug,
  year = "1988",
  address = "Stanford, California",
}

@Proceedings{SIGCOMM94,
  booktitle = "Proceedings of SIGCOMM '94",
  month = aug,
  year = "1994",
  address = "London, United Kingdom",
}

@Proceedings{SIGCOMM96,
  booktitle = "Proceedings of SIGCOMM '96",
  month = aug,
  year = "1996",
  address = "Stanford, California",
}

@Proceedings{SIGCOMM99,
  booktitle = "Proceedings of SIGCOMM '99",
  month = aug,
  year = "1999",
  address = "Cambridge, Massachusetts",
}

@Proceedings{SIGCOMM00,
  booktitle = "Proceedings of SIGCOMM '00",
  month = aug,
  year = "2000",
  address = "Stockholm, Sweden",
}

@Proceedings{SIGCOMM01,
  booktitle = "Proceedings of SIGCOMM '01",
  month = aug,
  year = "2001",
  address = "San Diego, California",
}


@Proceedings{SIGCOMM03,
  booktitle = "Proceedings of SIGCOMM '03",
  month = aug,
  year = "2003",
  address = "Karlsruhe, Germany",
}

@Proceedings{SIGCOMM08,
  booktitle = "Proceedings of SIGCOMM '08",
  month = aug,
  year = "2008",
  address = "Seattle, Washington",
}

@Proceedings{SIGCOMM09,
  booktitle = "Proceedings of SIGCOMM '09",
  month = aug,
  year = "2009",
  address = "Barcelona, Spain",
}



%
% SIGMETRICS
%

@Proceedings{SIGMETRICS87,
 booktitle = {Proceedings of the 1987 ACM SIGMETRICS Conference
                  on Measurement and Modeling of Computer Systems
                  (SIGMETRICS '87)},
}

@Proceedings{SIGMETRICS89,
 booktitle = {Proceedings of the 1989 ACM SIGMETRICS Conference
                  on Measurement and Modeling of Computer Systems
                  (SIGMETRICS '89)},
}

@Proceedings{SIGMETRICS93,
  booktitle = "Proceedings of the 1993 ACM SIGMETRICS Conference
                  on Measurement and Modeling of Computer Systems
                  (SIGMETRICS '93)",
}

@Proceedings{SIGMETRICS94,
  booktitle = "Proceedings of the 1994 ACM SIGMETRICS Conference
                  on Measurement and Modeling of Computer Systems
                  (SIGMETRICS '94)",
}

@Proceedings{SIGMETRICS95,
  booktitle = "Proceedings of the 1995 ACM SIGMETRICS Conference
                  on Measurement and Modeling of Computer Systems
                  (SIGMETRICS '95)",
}

@Proceedings{SIGMETRICS96,
  booktitle = "Proceedings of the 1996 ACM SIGMETRICS Conference
                  on Measurement and Modeling of Computer Systems
                  (SIGMETRICS '96)",
}

@Proceedings{SIGMETRICS97,
   booktitle = {Proceedings of the 1997 Joint International
                  Conference on Measurement and Modeling of
                  Computer Systems (SIGMETRICS/PERFORMANCE '97)},
}

@Proceedings{SIGMETRICS98,
   booktitle = {Proceedings of the 1998 Joint International
                  Conference on Measurement and Modeling of
                  Computer Systems (SIGMETRICS/Performance '98)},
}

@Proceedings{SIGMETRICS99,
  booktitle = "Proceedings of the 1999 ACM SIGMETRICS Conference
                  on Measurement and Modeling of Computer Systems
                  (SIGMETRICS '99)",
}

@Proceedings{SIGMETRICS05,
  booktitle = "Proceedings of the 2005 ACM SIGMETRICS Conference
                  on Measurement and Modeling of Computer Systems
                  (SIGMETRICS '05)",
}

@Proceedings{SIGMETRICS06,
  booktitle = "Proceedings of the 2006 ACM SIGMETRICS Conference
                  on Measurement and Modeling of Computer Systems
                  (SIGMETRICS '06)",
}

@Proceedings{SIGMETRICS07,
  booktitle = "Proceedings of the 2007 ACM SIGMETRICS Conference
                  on Measurement and Modeling of Computer Systems
                  (SIGMETRICS '07)",
}

@Proceedings{SIGMETRICS08,
  booktitle = "Proceedings of the 2008 ACM SIGMETRICS
                  International Conference on Measurement and
                  Modeling of Computer Systems (SIGMETRICS '08)",
}


@Proceedings{SIGMETRICS09,
  booktitle = "Proceedings of the 2009 ACM SIGMETRICS
                  International Conference on Measurement and
                  Modeling of Computer Systems (SIGMETRICS '09)",
}

@Proceedings{SIGMETRICS10,
  booktitle = "Proceedings of the 2010 ACM SIGMETRICS
                  International Conference on Measurement and
                  Modeling of Computer Systems (SIGMETRICS '10)",
}

@Proceedings{SIGMETRICS11,
  booktitle = "Proceedings of the 2011 ACM SIGMETRICS
                  International Conference on Measurement and
                  Modeling of Computer Systems (SIGMETRICS '11)",
}

@Proceedings{SIGMETRICS12,
  booktitle = "Proceedings of the 2012 ACM SIGMETRICS
                  International Conference on Measurement and
                  Modeling of Computer Systems (SIGMETRICS '12)",
}

@Proceedings{SIGMETRICS13,
  booktitle = "Proceedings of the 2013 ACM SIGMETRICS
                  International Conference on Measurement and
                  Modeling of Computer Systems (SIGMETRICS '13)",
}

@Proceedings{SIGMETRICS14,
  booktitle = "Proceedings of the 2014 ACM SIGMETRICS
                  International Conference on Measurement and
                  Modeling of Computer Systems (SIGMETRICS '14)",
}

@Proceedings{SIGMETRICS15,
  booktitle = "Proceedings of the 2015 ACM SIGMETRICS
                  International Conference on Measurement and
                  Modeling of Computer Systems (SIGMETRICS '15)",
}

@Proceedings{SIGMETRICS16,
  booktitle = "Proceedings of the 2016 ACM SIGMETRICS
                  International Conference on Measurement and
                  Modeling of Computer Systems (SIGMETRICS '16)",
}

@Proceedings{SIGMETRICS17,
  booktitle = "Proceedings of the 2017 ACM SIGMETRICS
                  International Conference on Measurement and
                  Modeling of Computer Systems (SIGMETRICS '17)",
}




%
% SIGMOD
%

@Proceedings{SIGMOD84,
  booktitle = {Proceedings of the 1984 ACM SIGMOD Conference on
                  the Management of Data (SIGMOD '84)},
}

@Proceedings{SIGMOD88,
  booktitle = {Proceedings of the 1988 ACM SIGMOD Conference on
                  the Management of Data (SIGMOD '88)},
}

@Proceedings{SIGMOD93,
  booktitle =  "Proceedings of the 1993 ACM SIGMOD International
                  Conference on Management of Data (SIGMOD '93)",
}

@Proceedings{SIGMOD94,
  booktitle =  "Proceedings of the 1994 ACM SIGMOD International
                  Conference on Management of Data (SIGMOD '94)",
}

@Proceedings{SIGMOD95,
  booktitle =  "Proceedings of the 1995 ACM SIGMOD International
                  Conference on Management of Data (SIGMOD '95)",
}


@Proceedings{SIGMOD97,
  booktitle =  "Proceedings of the 1997 ACM SIGMOD International
                  Conference on Management of Data (SIGMOD '97)",
}

@Proceedings{SIGMOD01,
  booktitle =  "Proceedings of the 2001 ACM SIGMOD International
                  Conference on Management of Data (SIGMOD '01)",
}

@Proceedings{SIGMOD02,
  booktitle =  "Proceedings of the 2002 ACM SIGMOD International
                  Conference on Management of Data (SIGMOD '02)",
}

@Proceedings{SIGMOD05,
  booktitle =  "Proceedings of the 2005 ACM SIGMOD International
                  Conference on Management of Data (SIGMOD '05)",
}

@Proceedings{SIGMOD06,
  booktitle =  "Proceedings of the 2006 ACM SIGMOD International
                  Conference on Management of Data (SIGMOD '06)",
}

@Proceedings{SIGMOD07,
  booktitle =  "Proceedings of the 2007 ACM SIGMOD International
                  Conference on Management of Data (SIGMOD '07)",
}

@Proceedings{SIGMOD08,
  booktitle =  "Proceedings of the 2008 ACM SIGMOD International
                  Conference on Management of Data (SIGMOD '08)",
}

@Proceedings{SIGMOD09,
  booktitle =  "Proceedings of the 2009 ACM SIGMOD International
                  Conference on Management of Data (SIGMOD '09)",
}

@Proceedings{SIGMOD10,
  booktitle =  "Proceedings of the 2010 ACM SIGMOD International
                  Conference on Management of Data (SIGMOD '10)",
}

@Proceedings{SIGMOD11,
  booktitle =  "Proceedings of the 2011 ACM SIGMOD International
                  Conference on Management of Data (SIGMOD '11)",
}

@Proceedings{SIGMOD12,
  booktitle =  "Proceedings of the 2012 ACM SIGMOD International
                  Conference on Management of Data (SIGMOD '12)",
}

@Proceedings{SIGMOD13,
  booktitle =  "Proceedings of the 2013 ACM SIGMOD International
                  Conference on Management of Data (SIGMOD '13)",
}

@Proceedings{SIGMOD14,
  booktitle =  "Proceedings of the 2014 ACM SIGMOD International
                  Conference on Management of Data (SIGMOD '14)",
}

@Proceedings{SIGMOD15,
  booktitle =  "Proceedings of the 2015 ACM SIGMOD International
                  Conference on Management of Data (SIGMOD '15)",
}

@Proceedings{SIGMOD16,
  booktitle =  "Proceedings of the 2016 ACM SIGMOD International
                  Conference on Management of Data (SIGMOD '16)",
}

@Proceedings{SIGMOD17,
  booktitle =  "Proceedings of the 2017 ACM SIGMOD International
                  Conference on Management of Data (SIGMOD '17)",
}





% SP

@Proceedings{SPIN05,
  booktitle = "12th International SPIN Workshop on Model Checking of Software (SPIN '05)",
  address = "San Francisco, California",
  month = aug,
  year = 2005,
}


@Proceedings{SNAPI03,
  booktitle = "International Workshop on Storage Network Architecture and Parallel I/Os (SNAPI '03)",
  address = "New Orleans, LA",
  month = sep,
  year = 2003,
}

%
% SOSP
%

@Proceedings{SOSP75,
  booktitle = {Proceedings of the 5th ACM Symposium on Operating
                  Systems Principles (SOSP '75)},
}

@Proceedings{SOSP77,
  booktitle = {Proceedings of the 6th ACM Symposium on Operating
                  Systems Principles (SOSP '77)},
}

@Proceedings{SOSP81,
  booktitle = {Proceedings of the 8th ACM Symposium on Operating
                  Systems Principles (SOSP '81)},
}

@Proceedings{SOSP83,
  booktitle =  "Proceedings of the 9th ACM Symposium on Operating
                  System Principles (SOSP '83)",
}

@Proceedings{SOSP85,
  booktitle =  "Proceedings of the 10th ACM Symposium on
                  Operating System Principles (SOSP '85)",
}

@Proceedings{SOSP87,
  booktitle =  {Proceedings of the 11th ACM Symposium on
                  Operating Systems Principles (SOSP '87)},
}

@Proceedings{SOSP89,
  booktitle =  {Proceedings of the 12th ACM Symposium on
                  Operating Systems Principles (SOSP '89)},
}

@Proceedings{SOSP91,
  booktitle  = {Proceedings of the 13th ACM Symposium on
                  Operating Systems Principles (SOSP '91)},
}

@Proceedings{SOSP93,
  booktitle  = {Proceedings of the 14th ACM Symposium on
                  Operating Systems Principles (SOSP '93)},
}

@Proceedings{SOSP95,
  booktitle  = {Proceedings of the 15th ACM Symposium on
                  Operating Systems Principles (SOSP '95)},
}

@Proceedings{SOSP97,
  booktitle  = {Proceedings of the 16th ACM Symposium on
                  Operating Systems Principles (SOSP '97)},
}

@Proceedings{SOSP99,
  booktitle  = {Proceedings of the 17th ACM Symposium on
                  Operating Systems Principles (SOSP '99)},
}

@Proceedings{SOSP01,
  booktitle  = {Proceedings of the 18th ACM Symposium on
                  Operating Systems Principles (SOSP '01)},
}

@Proceedings{SOSP03,
  booktitle  = {Proceedings of the 19th ACM Symposium on
                  Operating Systems Principles (SOSP '03)},
}

@Proceedings{SOSP05,
  booktitle  = {Proceedings of the 20th ACM Symposium on
                  Operating Systems Principles (SOSP '05)},
}

@Proceedings{SOSP07,
  booktitle  = {Proceedings of the 21st ACM Symposium on
                  Operating Systems Principles (SOSP '07)},
}

@Proceedings{SOSP09,
  booktitle  = {Proceedings of the 22nd ACM Symposium on
                  Operating Systems Principles (SOSP '09)},
}

@Proceedings{SOSP11,
  booktitle  = {Proceedings of the 23rd ACM Symposium on
                  Operating Systems Principles (SOSP '11)},
}

@Proceedings{SOSP13,
  booktitle  = {Proceedings of the 24th ACM Symposium on
                  Operating Systems Principles (SOSP '13)},
}

@Proceedings{SOSP15,
  booktitle  = {Proceedings of the 25th ACM Symposium on
                  Operating Systems Principles (SOSP '15)},
}

@Proceedings{SOSP17,
  booktitle  = {Proceedings of the 26th ACM Symposium on
                  Operating Systems Principles (SOSP '17)},
}




% ST

@Proceedings{STOC97,
  booktitle  = {Proceedings of the Twenty-ninth Annual ACM symposium on Theory of Computing (STOC '97)},
  address    = "El Paso, Texas",
  year       = "1997",
  month      = may,
}

@Proceedings{STORAGESS05,
  booktitle  = {The 1st International Workshop on Storage Security and Survivability (StorageSS '05)},
  month      = "November",
  year       = "2005",
  address    = "FairFax County, Virginia",
}

@Proceedings{STORAGESS06,
  booktitle  = {The 2nd International Workshop on Storage Security and Survivability (StorageSS '06)},
  month      = "November",
  year       = "2006",
  address    = "Alexandria, Virginia",
}

@Proceedings{OOPSLA03,
  booktitle  = {The 18th ACM SIGPLAN Conference on Object-Oriented Programming, Systems, Languages, and Applications (OOPSLA '03)},
  month      = oct,
  year       = "2003",
  address    = "Anaheim, California",
}

@Proceedings{OOPSLA04,
  booktitle  = {The 19th ACM SIGPLAN Conference on Object-Oriented Programming, Systems, Languages, and Applications (OOPSLA '04)},
  month      = oct,
  year       = "2004",
  address    = "Vancouver, Canada",
}

@Proceedings{OOPSLA06,
  booktitle  = {ACM SIGPLAN International Conference on
                  Object-Oriented Programming, Systems,
                  Languages, and Applications (OOPSLA '06)},
  month      = "October",
  year       = "2006",
  address    = "Portland, Oregon",
} 

@Proceedings{OOPSLA11,
  booktitle  = {Proceedings of the 26th Annual ACM SIGPLAN
                  Conference on Object-Oriented Programming,
                  Systems, Languages, and Applications (OOPSLA '11)},
  month      = "October",
  year       = "2011",
  address    = "Portland, Oregon",
} 



@Proceedings{SPDT98,
  booktitle  = {The 1998 Symposium on Parallel and Distributed Tools (SPDT '98)},
  address    = "Welches, Oregon",
  month      = aug,
  year       = "1998",
}

@Proceedings{SUSTAINIT10,
  booktitle = {The First USENIX conference on Sustainable information technology (SustainIT '10)},
  year = "2010",
}


@Proceedings{TOOLS02,
  booktitle  = {Proceedings of the 12th International Conference on Modeling Tools and Techniques for Computer and Communication System Performance Evaluation (TOOLS '02)},
  month      = apr,
  year       = "2002",
  address    = "London, United Kingdom",
}

%
% USENIX
%

@Proceedings{USENIX-SUMMER84,
  booktitle = 	 {Proceedings of the USENIX Summer Technical Conference (USENIX Summer '84)},
  month =        jun,
  year = 	 {1984},
  address = 	 {Salt Lake City, Utah},
}

@Proceedings{USENIX-SUMMER86,
  booktitle = {Proceedings of the USENIX Summer Technical Conference (USENIX Summer '86)},
  month = jun,
  year = {1986},
  address = {Atlanta, Georgia},
}

@Proceedings{USENIX-WINTER89,
    booktitle = {Proceedings of the USENIX Winter Technical Conference (USENIX Winter '89)},
    address = "San Diego, California",
    month = jan,
    year = "1989",
}

@Proceedings{USENIX-WINTER90,
    booktitle = {Proceedings of the USENIX Winter Technical Conference (USENIX Winter '90)},
    address = "Washington, D.C",
    month = jan,
    year = "1990",
}

@Proceedings{USENIX-WINTER91,
  booktitle = {Proceedings of the USENIX Winter Technical Conference (USENIX Winter '91)},
  address   = {Dallas, Texas},
  month     = {January},
  year      = {1991},
}

@PROCEEDINGS{USENIX-WINTER92,
  BOOKTITLE  = {Proceedings of the USENIX Winter Technical Conference (USENIX Winter '92)},
  ADDRESS    = {San Francisco, California},
  MONTH     = jan,
  YEAR      = {1992},
}

@PROCEEDINGS{USENIX-WINTER93,
  booktitle =    "Proceedings of the USENIX Winter Technical Conference (USENIX Winter '93)",
  year =         "1993",
  month =        jan,
  address =      "San Diego, California",
}

@PROCEEDINGS{USENIX-WINTER94,
  booktitle =    "Proceedings of the USENIX Winter Technical Conference (USENIX Winter '94)",
  year =         "1994",
  month =        jan,
  address =      "San Francisco, California",
}

@PROCEEDINGS{USENIX-SUMMER94,
  booktitle =    "Proceedings of the USENIX Summer Technical Conference (USENIX Summer '94)",
  address =      "Boston, Massachusetts",
  month =        jun,
  year =         "1994",
}

@PROCEEDINGS{USENIX95,
  booktitle =    "Proceedings of the USENIX Annual Technical Conference (USENIX '95)",
  address =      "New Orleans, Louisiana",
  month =        jan,
  year =         "1995",
}

@PROCEEDINGS{USENIX96,
  booktitle    = {Proceedings of the USENIX Annual Technical Conference (USENIX '96)},
  month        = jan,
  address      = "San Diego, California",
  year         = "1996",
}

@PROCEEDINGS{USENIX97,
  booktitle    = {Proceedings of the USENIX Annual Technical Conference (USENIX '96)},
  month        = jan,
  address      = "Anaheim, California",
  year         = "1997",
}

@PROCEEDINGS{USENIX98,
  booktitle = {Proceedings of the USENIX Annual Technical Conference (USENIX '98)},
  year = {1998},
  month = jun,
  address = "New Orleans, Louisiana",
}

@PROCEEDINGS{USENIX99,
  booktitle = {Proceedings of the USENIX Annual Technical Conference (USENIX '99)},
  year = 	 {1999},
  address = 	 {Monterey, California},
  month = 	 {June},
}

@PROCEEDINGS{USENIX00,
  booktitle = "Proceedings of the USENIX Annual Technical Conference (USENIX '00)", 
  address   = "San Diego, California", 
  month     = Jun,
  year      = "2000",
}

@PROCEEDINGS{USENIX01,
  booktitle = {Proceedings of the USENIX Annual Technical Conference (USENIX '01)},
  month     = "June",
  year      = "2001",
  address   = "Boston, Massachusetts",
}

@PROCEEDINGS{USENIX02,
  booktitle = {Proceedings of the USENIX Annual Technical Conference (USENIX '02)},
  month = "June",
  year = "2002",
  address = "Monterey, California",
}

@PROCEEDINGS{USENIX03,
  booktitle = {Proceedings of the USENIX Annual Technical Conference (USENIX '03)},
  month = "June",
  year = "2003",
  address = "San Antonio, Texas"
}

@PROCEEDINGS{USENIX04,
  booktitle = {Proceedings of the USENIX Annual Technical Conference (USENIX '04)},
  month = "June",
  year = "2004",
  address = "Boston, Massachusetts",
}

@PROCEEDINGS{USENIX05,
  booktitle = {Proceedings of the USENIX Annual Technical Conference (USENIX '05)},
  month = "April",
  year = "2005",
  address = "Anaheim, California"
}

@PROCEEDINGS{USENIX06,
  booktitle = {Proceedings of the USENIX Annual Technical Conference (USENIX '06)},
  month = "June",
  year = "2006",
  address = "Boston, Massachusetts",
}

@PROCEEDINGS{USENIX07,
  booktitle = {Proceedings of the USENIX Annual Technical Conference (USENIX '07)},
  month = "June",
  year = "2007",
  address = "Santa Clara, California",
}

@PROCEEDINGS{USENIX08,
  booktitle = {Proceedings of the USENIX Annual Technical Conference (USENIX '08)},
  month = "June",
  year = "2008",
  address = "Boston, Massachusetts",
}

@PROCEEDINGS{USENIX09,
  booktitle = {Proceedings of the USENIX Annual Technical Conference (USENIX '09)},
  month = "June",
  year = "2009",
  address = "San Diego, California",
}

@Proceedings{USENIX10-NOMORE-BECOMES-ATC,
  booktitle = "NO MORE BECOMES ATC IN 2010",
}



@Proceedings{USENIX-DSL97,
  booktitle = {Proceedings of the USENIX Conference on Domain-Specific Languages (DSL '97)}, 
  month = oct,
  year = 1997,
  address = "Santa Barbara, California",
}

@Proceedings{USENIX-NT00,
  booktitle = "Proceedings of the 4th USENIX Windows Systems Symposium",
  month = "August",
  year = "2000",
  address = "Seattle, Washington",
}


% USENIX SECURITY


@PROCEEDINGS{USENIX-SEC98,
  booktitle = {Proceedings of the 7th USENIX Security Symposium (Sec '98)},
  year = {1998},
  month = jan,
  address = "San Antonio, Texas",
}

@Proceedings{USENIX-SEC01,
  booktitle = {Proceedings of the 10th USENIX Security Symposium (Sec '01)},
  year = {2001},
  month = aug,
  address = "Washington, D.C",
}

@Proceedings{USENIX-SEC02,
  booktitle = {Proceedings of the 11th USENIX Security Symposium (Sec '02)},
  year = {2002},
  month = aug,
  address = "San Fransisco, California",
}

@Proceedings{USENIX-SEC03,
  booktitle = {Proceedings of the 12th USENIX Security Symposium (Sec '03)},
  year = {2003},
  month = aug,
  address = "Washington, D.C",
}

@PROCEEDINGS{USENIX-SEC04,
  booktitle = {Proceedings of the 13th USENIX Security Symposium (Sec '04)},
  year = {2004},
  month = aug,
  address = "San Diego, California",
}

@PROCEEDINGS{USENIX-SEC05,
  booktitle = {Proceedings of the 14th USENIX Security Symposium (Sec '05)},
  year = {2005},
  month = jul,
  address = "Baltimore, Maryland",
}

@PROCEEDINGS{USENIX-SEC09,
  booktitle = {Proceedings of the 13th USENIX Security Symposium (Sec '09)},
  year = {2009},
  month = aug,
  address = "Montreal, Canada",
}




% USITS



@Proceedings{USITS99,
    booktitle = {Proceedings of the 2rd USENIX Symposium on Internet Technologies and Systems (USITS '99)},
    month = oct,
    year = "1999",
    address = "Boulder, Colorado",
}

@Proceedings{USITS01,
    booktitle = {Proceedings of the 3rd USENIX Symposium on Internet Technologies and Systems (USITS '01)},
    month = mar,
    year = "2001",
    address = "San Francisco, California",
}

@Proceedings{VLDB81,
  month     = sep,
  year      = {1981},
  address   = "Cannes, France",
  booktitle = {Proceedings of the 7th International Conference on Very Large Data Bases (VLDB '81)},
}

@Proceedings{VLDB85,
  month     = aug,
  year      = {1985},
  address   = "Stockholm, Sweden",
  booktitle = {Proceedings of the 11th International Conference on Very Large Data Bases (VLDB '85)},
}

@Proceedings{VLDB88,
  booktitle = {Proceedings of the 14th International Conference on Very Large Data Bases (VLDB '88)},
  year = {1988},
  address = "Los Angeles, California",
  month = aug,
}

@Proceedings{VLDB90,
  booktitle = {Proceedings of the 16th International Conference on Very Large Data Bases (VLDB '90)},
  address = "Brisbane, Australia",
  month = aug,
  year = 1990,
}

@Proceedings{VLDB94,
  booktitle = "Proceedings of the 20th International Conference on Very Large Databases (VLDB '94)",
  address   = "Santiago, Chile",
  month     = sep,
  year      = "1994"
}

@Proceedings{VLDB98,
  booktitle = "Proceedings of the 24th International Conference on Very Large Databases (VLDB '98)",
  address   = "New York, New York",
  month     = aug,
  year      = "1998", 
}

@Proceedings{VLDB99,
  booktitle = "Proceedings of the 25th International Conference on Very Large Databases (VLDB '99)",
 month = sep,
 year = "1999",
 address = "San Francisco, California",
}


@Proceedings{VLDB02,
  booktitle = "Proceedings of the 28th International Conference on Very Large Databases (VLDB '02)",
  address   = "Hong Kong, China",
  month     = aug,
  year      = "2002", 
}

@Proceedings{VLDB04,
  booktitle = "Proceedings of the 30th International Conference on Very Large Databases (VLDB '04)",
  address   = "Toronto, Canada",
  month     = sep,
  year      = "2004", 
}


@proceedings{VMCAI04,
  booktitle = {5th International Conference Verification, Model Checking and Abstract Interpretation (VMCAI '04)},
  month     = jan,
  address   = "Venice, Italy",
  year      = {2004},
}

@proceedings{VM04,
  booktitle = {Proceedings of the 3rd Virtual Machine Research and Technology Symposium (VM '04)},
  month     = may,
  address   = "San Jose, California",
  year      = {2004},
}

@Proceedings{VSTTE05,
  booktitle = "Workshop on Verified Software: Theories, Tools, Experiments (VSTTE '05)", 
  address = "Zurich, Switzerland", 
  month = oct,
  year = "2005",
}

@Proceedings{WDB02,
  booktitle = "Workshop on Dependability Benchmarking (WDB '02)",
  address = "Washington, DC", 
  month = jun,
  year = "2002",
}

@Proceedings{WDBM83,
  booktitle = "Proceedings of the 3rd International Workshop on Database Machines", 
  address = "Munich, Germany", 
  month = sep,
  year = "1983",
}

@Proceedings{WIAPP03,
  booktitle = "Proceedings of the Third IEEE Workshop on Internet Applications (WIAPP '06)",
  address   = "San Jose, California",
  month     = jun,
  year      = 2003,
}

@Proceedings{WIOSCA06,
  booktitle = "Workshop on the Interaction between Operating Systems and Computer Architecture (WIOSCA '06)",
  address   = "Boston, Massachusetts",
  month     = Jun,
  year      = 2006,
}

@Proceedings{WWOS93,
  booktitle = "Proceedings of the 4th Workshop on Workstation Operating Systems (WWOS-IV)",
  address   = "Napa, California",
  month     = oct,
  year      = "1993",
}

@Proceedings{WWOS97,
  booktitle = "Proceedings of the 6th Workshop on Workstation Operating Systems (WWOS-VI)",
  month = may,
  year = "1997",
  address = "Cape Codd, Massachusetts",
}

@Proceedings{LISA03,
  booktitle = "Proceedings of the 17th Annual Large Installation System Administration Conference (LISA '03)",
  address   = "San Diego, California",
  month     = oct,
  year      = 2003,
}

@Proceedings{LISA04,
  booktitle = "Proceedings of the 18th Annual Large Installation System Administration Conference (LISA '04)",
  address   = "Atlanta, Georgia",
  month     = nov,
  year      = 2004,
}


%------------------- NEED TO BE FIXED BELOW:


@proceedings{DBLP:conf/sensys/2008,
  booktitle = {Proceedings of the 6th International Conference on Embedded
               Networked Sensor Systems (SenSys '08)},  
address   = "Raleigh, NC",
  month     = nov,
  year      = {2008},
}

@proceedings{DBLP:conf/sensys/2007,
  booktitle = {Proceedings of the 5th International Conference on Embedded
               Networked Sensor Systems (SenSys '07)},  
address   = "Sydney, Australia",
  month     = nov,
  year      = {2007},
}


@proceedings{DBLP:conf/icde/2007,
  booktitle = {Proceedings of the 23rd International Conference on Data
               Engineering (ICDE '07)},  
address   = "Istanbul, Turkey",
  month     = apr,
  year      = {2007},
}

@proceedings{DBLP:conf/icde/2006,
  booktitle = {Proceedings of the 22nd International Conference on Data
               Engineering (ICDE '06)},  
address   = "Atlanta, GA",
  month     = apr,
  year      = {2006},
}

@proceedings{DBLP:conf/minenet/2006,
  booktitle = {Proceedings of the 2nd Annual ACM Workshop on Mining Network
               Data (MineNet '06)},  
address   = "Pisa, Italy",
  month     = sep,
  year      = {2006},
}


@proceedings{DBLP:conf/infocom/2007,
  booktitle = {The 26th IEEE International Conference on Computer
               Communications (INFOCOM '07)},  
address   = "Anchorage, Alaska",
  month     = may,
  year      = {2007},
}


@proceedings{DBLP:conf/ssdbm/2007,
  booktitle = {Proceedings of the 19th International Conference on Scientific and Statistical
               Database Management (SSDBM '07)},  
address   = "Banff, Canada",
  month     = jul,
  year      = {2007},
}

@proceedings{DBLP:conf/sigmod/2006,
  booktitle = {Proceedings of the ACM SIGMOD International Conference on
               Management of Data (SIGMOD '06)},  
address   = "Chicago, Illinois",
  month     = jun,
  year      = {2006},
}

@proceedings{DBLP:conf/vldb/2006,
  booktitle = {Proceedings of the 32nd International Conference on Very
               Large Data Bases (VLDB '06)},  
address   = "Seoul, Korea",
  month     = sep,
  year      = {2006},
}

@proceedings{DBLP:conf/sigcomm/2005,
  booktitle = {Proceedings of the ACM SIGCOMM 2005 Conference on Applications,
               Technologies, Architectures, and Protocols for Computer
               Communications (SIGCOMM '05)},  
address   = "Philadelphia, Pennsylvania",
  month     = aug,
  year      = {2005},
}


@proceedings{DBLP:conf/sigmod/2004,
  booktitle = {Proceedings of the ACM SIGMOD International Conference on
               Management of Data (SIGMOD '04)},  
address   = "Paris, France",
  month     = jun,
  year      = {2004},
}



%----------------------------------- NEED TO BE SORTED ..




@Proceedings{ACDC09,
  booktitle = "the 1st Workshop on Automated Control for Datacenters and Clouds (ACDC '09)",
  address = "Barcelona, Spain",
  month = jun,
  year = "2009",
}

@Proceedings{ALS00,
  booktitle = "Atlanta Linux Showcase (ALS '00)",
  address = "Atlanta, Georgia",
  month = oct,
  year = "2000",
}

@Proceedings{AOSD07,
  booktitle = "Proceedings of the 6th International Conference on Aspect-Oriented
               Software Development (AOSD '07)", 
  address = "Vancouver, Canada",
  month = mar,
  year = 2007,
}

@Proceedings{CIDR09,
  booktitle = "the 4th Conference on Innovative Data Systems Research (CIDR '09)",
  address = "Pacific Grove, California",
  month = jan,
  year = "2009",
}

@Proceedings{CLOUD09,
  booktitle = "International Workshop on Cloud Computing (Cloud '09)",
  address = "Shanghai, China",
  month = may,
  year = "2009",
}

@Proceedings{CLUSTER06,
  booktitle = "International Conference on Cluster Computing (Cluster '06)",
  address = "Barcelona, Spain",
  month = sep,
  year = "2006",
}

@Proceedings{CLUSTER09,
  booktitle = "International Conference on Cluster Computing (Cluster '09)",
  address = "New Orleans, Louisiana",
  month = sep,
  year = "2009",
}

%
% D
% 


@Proceedings{DBTest09,
  booktitle = "Proceedings of the 2nd International Workshop on 
               Testing Database Systems (DBTest '09)",
  address = "Providence, Rhode Island",
  month = jun,
  year = "2009",
}


@Proceedings{DSN04,
  booktitle = "Proceedings of the International Conference on Dependable Systems and Networks (DSN '04)",
  address = "Florence, Italy",
  month = jun,
  year = "2004",
}

@Proceedings{DSN07,
  booktitle = "Proceedings of the International Conference on Dependable Systems and Networks (DSN '07)",
  address = "Edinburgh, UK",
  month = jun,
  year = "2007",
}

@Proceedings{DSN12,
  booktitle = "Proceedings of the International Conference on Dependable Systems and Networks (DSN '12)",
  year = "2012",
}


@Proceedings{EDBT08,
  booktitle = "the 11th International Conference on Extending Database Technology (EDBT '08)",
  address = "Nantes, France",
  month = mar,
  year = "2008",
}

@Proceedings{FTCS95,
  booktitle = "Proceedings of the 25th International Symposium on Fault-Tolerant Computing (FTCS '95)",
  address = "Pasadena, California",
  month = jun,
  year = "1995",
}

@Proceedings{FUDICO04,
  booktitle = "Workshop on Future Directions in Distributed Computing (FuDiCo '04)",
  address = "Bologna, Italy",
  month = jun,
  year = "2004",
}

@Proceedings{HOTSTORAGE09,
  booktitle  = {Workshop on Hot Topics in Storage and File Systems (HotStorage '09)},
  month      = oct,
  year       = "2009",
  address    = "Big Sky, Montana",
}


@Proceedings{HPCS03,
  booktitle = "the 17th International Symposium on High Performance Computing Systems (HPCS '03)",
  address = "Quebec, Canada",
  month = may,
  year = "2003",
}


@Proceedings{HPDC04,
  booktitle = "Proceedings of the 13th IEEE International Symposium on High Performance Distributed Computing (HPDC 13)",
  address = "Honolulu, Hawaii",
  month = jun,
  year = "2004",
}

@Proceedings{ICDCS99,
   booktitle = "Proceedings of the 19th International Conference on Distributed Computing Systems (ICDCS '99)",
   address   = "Austin, TX",
   month     = may,
   year      = 1999,
}

@Proceedings{ICDM08,
   booktitle = "Proceedings of the International Conference on Data Mining (ICDM '08)",
   address   = "Pisa, Italy",
   month     = dec,
   year      = 2008,
}



@Proceedings{HOTMETRICS09,
  booktitle = "the 2nd Workshop on Hot Topics in Measurement and Modeling of Computer Systems (HotMetrics '09)",
  address = "Seattle, Washington",
  month = jun,
  year = "2009",
}

@Proceedings{HOTOS09,
  booktitle = "the 12th Workshop on Hot Topics in Operating Systems (HotOS XII)",
  address = "Monte Verita, Switzerland",
  month = may,
  year = "2009",
}

@Proceedings{IPDPS04,
  booktitle = "the 18th International Parallel and Distributed Processing Symposium (IPDPS '04)",
  address = "Santa Fe, New Mexico",
  month = apr,
  year = "2004",
}

@Proceedings{LADIS08,
  booktitle = "the 2nd Workshop on Large-Scale Distributed Systems and Middleware (LADIS '08)",
  address = "Yorktown, NY",
  month = sep,
  year = "2008",
}

@Proceedings{LISA07,
  booktitle = "Proceedings of the 21st Large Installation System Administration Conference (LISA '07)",
  address = "Dallas, Texas",
  month = nov,
  year = "2007",
}

@Proceedings{MIDDLEWARE98,
  booktitle = "International Middleware Conference (Middleware '98)",
  address = "Leuven, Belgium",
  month = dec,
  year = "2008",
}



@Proceedings{SC04,
  booktitle = "Proceedings of the 2004 Conference on High Performance Networking and Computing (SC '04)",
  address = "Pittsburgh, Pennsylvania",
  month = nov,
  year = "2004",
}

@Proceedings{SC06,
  booktitle = "Proceedings of the 2006 Conference on High Performance Networking and Computing (SC '06)",
  address = "Tampa, Florida",
  month = nov,
  year = "2006",
}

@Proceedings{SC07,
  booktitle = "Proceedings of the 2007 Conference on High Performance Networking and Computing (SC '07",
  address = "Reno, Nevada",
  month = nov, 
  year = "2007",
}

@Proceedings{SC08,
  booktitle = "Proceedings of the 2008 Conference on High Performance Networking and Computing (SC '08)",
  address = "Austin, Texas",
  month = nov,
  year = "2008",
}



% SOCC

@Proceedings{SOCC10,
  booktitle = "Proceedings of the 2010 ACM Symposium on Cloud
                  Computing (SoCC '10)",
}

@Proceedings{SOCC11,
  booktitle = "Proceedings of the 2011 ACM Symposium on Cloud
                  Computing (SoCC '11)",
}

@Proceedings{SOCC12,
  booktitle = "Proceedings of the 2012 ACM Symposium on Cloud
                  Computing (SoCC '12)",
}

@Proceedings{SOCC13,
  booktitle = "Proceedings of the 2013 ACM Symposium on Cloud
                  Computing (SoCC '13)",
}

@Proceedings{SOCC14,
  booktitle = "Proceedings of the 2014 ACM Symposium on Cloud
                  Computing (SoCC '14)",
}

@Proceedings{SOCC15,
  booktitle = "Proceedings of the 2015 ACM Symposium on Cloud
                  Computing (SoCC '15)",
}

@Proceedings{SOCC16,
  booktitle = "Proceedings of the 2016 ACM Symposium on Cloud
                  Computing (SoCC '16)",
}

@Proceedings{SOCC17,
  booktitle = "Proceedings of the 2017 ACM Symposium on Cloud
                  Computing (SoCC '17)",
}

% SRDS



@Proceedings{SRDS02,
  booktitle = "the 21st Symposium on Reliable Distributed Systems (SRDS '02)",
  address = "Suita, Japan",
  month = oct,
  year = "2002",
}

@Proceedings{VLDB07,
  booktitle = "Proceedings of the 33rd International Conference on Very Large Data Bases (VLDB '07)",
  address = "Vienna, Austria",
   month = sep,  
    year = "2007",
}

@Proceedings{VLDB08,
  booktitle = "Proceedings of the 34th International Conference on Very Large Data Bases (VLDB '08)",
  address = "Auckland, New Zealand",
  month = jul,
  year = "2008",
}

@Proceedings{VLDB09,
  booktitle = "Proceedings of the 35th International Conference
                  on Very Large Data Bases (VLDB '09)",
}

@Proceedings{VLDB10,
  booktitle = "Proceedings of the 36th International Conference
                  on Very Large Data Bases (VLDB '10)",
}

@Proceedings{VLDB11,
  booktitle = "Proceedings of the 37th International Conference
                  on Very Large Data Bases (VLDB '11)",
}

@Proceedings{VLDB12,
  booktitle = "Proceedings of the 38th International Conference
                  on Very Large Data Bases (VLDB '12)",
}

@Proceedings{VLDB13,
  booktitle = "Proceedings of the 39th International Conference
                  on Very Large Data Bases (VLDB '13)",
}



% WA

@Proceedings{WASL08,
  booktitle = "the 1st Workshop on the Analysis of System Logs (WASL '08)",
  address = "San Diego, California",
  month = sep,
  year = "2008",
}


% WR

@Proceedings{WREN09,
  booktitle = "ACM SIGCOMM 2009 Workshop Research on Enterprise Networking (WREN '09)",
}


