
% ======================================
% AUTO GENERATED by jira bibtex-gen     
% DO NOT OVERWRITE DO NOT OVERWRITE     
% ======================================


% ======================================
% AUTO GENERATED by jira bibtex-gen     
% DO NOT OVERWRITE DO NOT OVERWRITE     
% ======================================


% ======================================
% AUTO GENERATED by jira bibtex-gen     
% DO NOT OVERWRITE DO NOT OVERWRITE     
% ======================================


% ======================================
% AUTO GENERATED by jira bibtex-gen     
% DO NOT OVERWRITE DO NOT OVERWRITE     
% ======================================


% ======================================
% AUTO GENERATED by jira bibtex-gen     
% DO NOT OVERWRITE DO NOT OVERWRITE     
% ======================================


% ======================================
% AUTO GENERATED by jira bibtex-gen     
% DO NOT OVERWRITE DO NOT OVERWRITE     
% ======================================


% ======================================
% AUTO GENERATED by jira bibtex-gen     
% DO NOT OVERWRITE DO NOT OVERWRITE     
% ======================================


% ======================================
% AUTO GENERATED by jira bibtex-gen     
% DO NOT OVERWRITE DO NOT OVERWRITE     
% ======================================


% ======================================
% AUTO GENERATED by jira bibtex-gen     
% DO NOT OVERWRITE DO NOT OVERWRITE     
% ======================================


% ======================================
% AUTO GENERATED by jira bibtex-gen     
% DO NOT OVERWRITE DO NOT OVERWRITE     
% ======================================


@Misc{cassandra-4048,
  title = "{\href{http://issues.apache.org/jira/browse/CASSANDRA-4048}{Cassandra-4048}: SSTableLoader meets problem during the apply of the schema update}",
}

@Misc{cassandra-2900,
  title = "{\href{http://issues.apache.org/jira/browse/CASSANDRA-2900}{Cassandra-2900}: Allow bulk load via streaming to complete 'transactionally'}",
}

@Misc{cassandra-4701,
  title = "{\href{http://issues.apache.org/jira/browse/CASSANDRA-4701}{Cassandra-4701}: Topology changes can lead to bad counters (at RF=1)}",
}

@Misc{cassandra-7,
  title = "{\href{http://issues.apache.org/jira/browse/CASSANDRA-7}{Cassandra-7}: Cassandra silently loses data when a single row gets large}",
}

@Misc{cassandra-9,
  title = "{\href{http://issues.apache.org/jira/browse/CASSANDRA-9}{Cassandra-9}: Cassandra silently loses data when a single row gets large (under "heavy load")}",
}

@Misc{cassandra-12,
  title = "{\href{http://issues.apache.org/jira/browse/CASSANDRA-12}{Cassandra-12}: Gossiper should set the Node is dead when notifies the subscriber}",
}

@Misc{cassandra-13,
  title = "{\href{http://issues.apache.org/jira/browse/CASSANDRA-13}{Cassandra-13}: fix the EndPointState time bookmarking in Gossiper}",
}

@Misc{cassandra-14,
  title = "{\href{http://issues.apache.org/jira/browse/CASSANDRA-14}{Cassandra-14}: The initial arrive time should not be set to zero}",
}

@Misc{cassandra-33,
  title = "{\href{http://issues.apache.org/jira/browse/CASSANDRA-33}{Cassandra-33}: .}",
}

@Misc{cassandra-34,
  title = "{\href{http://issues.apache.org/jira/browse/CASSANDRA-34}{Cassandra-34}: .}",
}

@Misc{cassandra-57,
  title = "{\href{http://issues.apache.org/jira/browse/CASSANDRA-57}{Cassandra-57}: .}",
}

@Misc{cassandra-59,
  title = "{\href{http://issues.apache.org/jira/browse/CASSANDRA-59}{Cassandra-59}: .}",
}

@Misc{cassandra-66,
  title = "{\href{http://issues.apache.org/jira/browse/CASSANDRA-66}{Cassandra-66}: .}",
}

@Misc{cassandra-72,
  title = "{\href{http://issues.apache.org/jira/browse/CASSANDRA-72}{Cassandra-72}: .}",
}

@Misc{cassandra-82,
  title = "{\href{http://issues.apache.org/jira/browse/CASSANDRA-82}{Cassandra-82}: .}",
}

@Misc{cassandra-86,
  title = "{\href{http://issues.apache.org/jira/browse/CASSANDRA-86}{Cassandra-86}: .}",
}

@Misc{cassandra-90,
  title = "{\href{http://issues.apache.org/jira/browse/CASSANDRA-90}{Cassandra-90}: .}",
}

@Misc{cassandra-91,
  title = "{\href{http://issues.apache.org/jira/browse/CASSANDRA-91}{Cassandra-91}: .}",
}

@Misc{cassandra-93,
  title = "{\href{http://issues.apache.org/jira/browse/CASSANDRA-93}{Cassandra-93}: .}",
}

@Misc{cassandra-98,
  title = "{\href{http://issues.apache.org/jira/browse/CASSANDRA-98}{Cassandra-98}: .}",
}

@Misc{cassandra-120,
  title = "{\href{http://issues.apache.org/jira/browse/CASSANDRA-120}{Cassandra-120}: .}",
}

@Misc{cassandra-126,
  title = "{\href{http://issues.apache.org/jira/browse/CASSANDRA-126}{Cassandra-126}: .}",
}

@Misc{cassandra-141,
  title = "{\href{http://issues.apache.org/jira/browse/CASSANDRA-141}{Cassandra-141}: .}",
}

@Misc{cassandra-157,
  title = "{\href{http://issues.apache.org/jira/browse/CASSANDRA-157}{Cassandra-157}: .}",
}

@Misc{cassandra-160,
  title = "{\href{http://issues.apache.org/jira/browse/CASSANDRA-160}{Cassandra-160}: .}",
}

@Misc{cassandra-180,
  title = "{\href{http://issues.apache.org/jira/browse/CASSANDRA-180}{Cassandra-180}: .}",
}

@Misc{cassandra-182,
  title = "{\href{http://issues.apache.org/jira/browse/CASSANDRA-182}{Cassandra-182}: .}",
}

@Misc{cassandra-201,
  title = "{\href{http://issues.apache.org/jira/browse/CASSANDRA-201}{Cassandra-201}: .}",
}

@Misc{cassandra-204,
  title = "{\href{http://issues.apache.org/jira/browse/CASSANDRA-204}{Cassandra-204}: .}",
}

@Misc{cassandra-208,
  title = "{\href{http://issues.apache.org/jira/browse/CASSANDRA-208}{Cassandra-208}: .}",
}

@Misc{cassandra-219,
  title = "{\href{http://issues.apache.org/jira/browse/CASSANDRA-219}{Cassandra-219}: .}",
}

@Misc{cassandra-220,
  title = "{\href{http://issues.apache.org/jira/browse/CASSANDRA-220}{Cassandra-220}: .}",
}

@Misc{cassandra-264,
  title = "{\href{http://issues.apache.org/jira/browse/CASSANDRA-264}{Cassandra-264}: .}",
}

@Misc{cassandra-270,
  title = "{\href{http://issues.apache.org/jira/browse/CASSANDRA-270}{Cassandra-270}: .}",
}

@Misc{cassandra-283,
  title = "{\href{http://issues.apache.org/jira/browse/CASSANDRA-283}{Cassandra-283}: .}",
}

@Misc{cassandra-306,
  title = "{\href{http://issues.apache.org/jira/browse/CASSANDRA-306}{Cassandra-306}: .}",
}

@Misc{cassandra-308,
  title = "{\href{http://issues.apache.org/jira/browse/CASSANDRA-308}{Cassandra-308}: .}",
}

@Misc{cassandra-313,
  title = "{\href{http://issues.apache.org/jira/browse/CASSANDRA-313}{Cassandra-313}: .}",
}

@Misc{cassandra-320,
  title = "{\href{http://issues.apache.org/jira/browse/CASSANDRA-320}{Cassandra-320}: .}",
}

@Misc{cassandra-332,
  title = "{\href{http://issues.apache.org/jira/browse/CASSANDRA-332}{Cassandra-332}: .}",
}

@Misc{cassandra-343,
  title = "{\href{http://issues.apache.org/jira/browse/CASSANDRA-343}{Cassandra-343}: .}",
}

@Misc{cassandra-348,
  title = "{\href{http://issues.apache.org/jira/browse/CASSANDRA-348}{Cassandra-348}: .}",
}

@Misc{cassandra-362,
  title = "{\href{http://issues.apache.org/jira/browse/CASSANDRA-362}{Cassandra-362}: .}",
}

@Misc{cassandra-367,
  title = "{\href{http://issues.apache.org/jira/browse/CASSANDRA-367}{Cassandra-367}: .}",
}

@Misc{cassandra-370,
  title = "{\href{http://issues.apache.org/jira/browse/CASSANDRA-370}{Cassandra-370}: .}",
}

@Misc{cassandra-375,
  title = "{\href{http://issues.apache.org/jira/browse/CASSANDRA-375}{Cassandra-375}: .}",
}

@Misc{cassandra-392,
  title = "{\href{http://issues.apache.org/jira/browse/CASSANDRA-392}{Cassandra-392}: .}",
}

@Misc{cassandra-399,
  title = "{\href{http://issues.apache.org/jira/browse/CASSANDRA-399}{Cassandra-399}: .}",
}

@Misc{cassandra-401,
  title = "{\href{http://issues.apache.org/jira/browse/CASSANDRA-401}{Cassandra-401}: .}",
}

@Misc{cassandra-404,
  title = "{\href{http://issues.apache.org/jira/browse/CASSANDRA-404}{Cassandra-404}: .}",
}

@Misc{cassandra-431,
  title = "{\href{http://issues.apache.org/jira/browse/CASSANDRA-431}{Cassandra-431}: .}",
}

@Misc{cassandra-432,
  title = "{\href{http://issues.apache.org/jira/browse/CASSANDRA-432}{Cassandra-432}: .}",
}

@Misc{cassandra-440,
  title = "{\href{http://issues.apache.org/jira/browse/CASSANDRA-440}{Cassandra-440}: .}",
}

@Misc{cassandra-445,
  title = "{\href{http://issues.apache.org/jira/browse/CASSANDRA-445}{Cassandra-445}: .}",
}

@Misc{cassandra-452,
  title = "{\href{http://issues.apache.org/jira/browse/CASSANDRA-452}{Cassandra-452}: .}",
}

@Misc{cassandra-459,
  title = "{\href{http://issues.apache.org/jira/browse/CASSANDRA-459}{Cassandra-459}: .}",
}

@Misc{cassandra-471,
  title = "{\href{http://issues.apache.org/jira/browse/CASSANDRA-471}{Cassandra-471}: .}",
}

@Misc{cassandra-475,
  title = "{\href{http://issues.apache.org/jira/browse/CASSANDRA-475}{Cassandra-475}: .}",
}

@Misc{cassandra-479,
  title = "{\href{http://issues.apache.org/jira/browse/CASSANDRA-479}{Cassandra-479}: .}",
}

@Misc{cassandra-488,
  title = "{\href{http://issues.apache.org/jira/browse/CASSANDRA-488}{Cassandra-488}: TcpConnectionManager only ever has one connection}",
}

@Misc{cassandra-507,
  title = "{\href{http://issues.apache.org/jira/browse/CASSANDRA-507}{Cassandra-507}: .}",
}

@Misc{cassandra-515,
  title = "{\href{http://issues.apache.org/jira/browse/CASSANDRA-515}{Cassandra-515}: .}",
}

@Misc{cassandra-524,
  title = "{\href{http://issues.apache.org/jira/browse/CASSANDRA-524}{Cassandra-524}: .}",
}

@Misc{cassandra-532,
  title = "{\href{http://issues.apache.org/jira/browse/CASSANDRA-532}{Cassandra-532}: .}",
}

@Misc{cassandra-533,
  title = "{\href{http://issues.apache.org/jira/browse/CASSANDRA-533}{Cassandra-533}: .}",
}

@Misc{cassandra-534,
  title = "{\href{http://issues.apache.org/jira/browse/CASSANDRA-534}{Cassandra-534}: .}",
}

@Misc{cassandra-538,
  title = "{\href{http://issues.apache.org/jira/browse/CASSANDRA-538}{Cassandra-538}: .}",
}

@Misc{cassandra-548,
  title = "{\href{http://issues.apache.org/jira/browse/CASSANDRA-548}{Cassandra-548}: .}",
}

@Misc{cassandra-565,
  title = "{\href{http://issues.apache.org/jira/browse/CASSANDRA-565}{Cassandra-565}: .}",
}

@Misc{cassandra-572,
  title = "{\href{http://issues.apache.org/jira/browse/CASSANDRA-572}{Cassandra-572}: .}",
}

@Misc{cassandra-605,
  title = "{\href{http://issues.apache.org/jira/browse/CASSANDRA-605}{Cassandra-605}: .}",
}

@Misc{cassandra-639,
  title = "{\href{http://issues.apache.org/jira/browse/CASSANDRA-639}{Cassandra-639}: .}",
}

@Misc{cassandra-658,
  title = "{\href{http://issues.apache.org/jira/browse/CASSANDRA-658}{Cassandra-658}: Hinted Handoff CF contention}",
}

@Misc{cassandra-694,
  title = "{\href{http://issues.apache.org/jira/browse/CASSANDRA-694}{Cassandra-694}: .}",
}

@Misc{cassandra-703,
  title = "{\href{http://issues.apache.org/jira/browse/CASSANDRA-703}{Cassandra-703}: .}",
}

@Misc{cassandra-715,
  title = "{\href{http://issues.apache.org/jira/browse/CASSANDRA-715}{Cassandra-715}: HHOM goes into infinite loop, wasting cpu}",
}

@Misc{cassandra-720,
  title = "{\href{http://issues.apache.org/jira/browse/CASSANDRA-720}{Cassandra-720}: .}",
}

@Misc{cassandra-721,
  title = "{\href{http://issues.apache.org/jira/browse/CASSANDRA-721}{Cassandra-721}: .}",
}

@Misc{cassandra-722,
  title = "{\href{http://issues.apache.org/jira/browse/CASSANDRA-722}{Cassandra-722}: .}",
}

@Misc{cassandra-731,
  title = "{\href{http://issues.apache.org/jira/browse/CASSANDRA-731}{Cassandra-731}: .}",
}

@Misc{cassandra-737,
  title = "{\href{http://issues.apache.org/jira/browse/CASSANDRA-737}{Cassandra-737}: .}",
}

@Misc{cassandra-757,
  title = "{\href{http://issues.apache.org/jira/browse/CASSANDRA-757}{Cassandra-757}: .}",
}

@Misc{cassandra-761,
  title = "{\href{http://issues.apache.org/jira/browse/CASSANDRA-761}{Cassandra-761}: .}",
}

@Misc{cassandra-778,
  title = "{\href{http://issues.apache.org/jira/browse/CASSANDRA-778}{Cassandra-778}: .}",
}

@Misc{cassandra-781,
  title = "{\href{http://issues.apache.org/jira/browse/CASSANDRA-781}{Cassandra-781}: .}",
}

@Misc{cassandra-795,
  title = "{\href{http://issues.apache.org/jira/browse/CASSANDRA-795}{Cassandra-795}: .}",
}

@Misc{cassandra-800,
  title = "{\href{http://issues.apache.org/jira/browse/CASSANDRA-800}{Cassandra-800}: Spurious Gossip Up/Down and IO Errors}",
}

@Misc{cassandra-858,
  title = "{\href{http://issues.apache.org/jira/browse/CASSANDRA-858}{Cassandra-858}: .}",
}

@Misc{cassandra-889,
  title = "{\href{http://issues.apache.org/jira/browse/CASSANDRA-889}{Cassandra-889}: .}",
}

@Misc{cassandra-920,
  title = "{\href{http://issues.apache.org/jira/browse/CASSANDRA-920}{Cassandra-920}: .}",
}

@Misc{cassandra-922,
  title = "{\href{http://issues.apache.org/jira/browse/CASSANDRA-922}{Cassandra-922}: .}",
}

@Misc{cassandra-935,
  title = "{\href{http://issues.apache.org/jira/browse/CASSANDRA-935}{Cassandra-935}: .}",
}

@Misc{cassandra-936,
  title = "{\href{http://issues.apache.org/jira/browse/CASSANDRA-936}{Cassandra-936}: .}",
}

@Misc{cassandra-937,
  title = "{\href{http://issues.apache.org/jira/browse/CASSANDRA-937}{Cassandra-937}: .}",
}

@Misc{cassandra-952,
  title = "{\href{http://issues.apache.org/jira/browse/CASSANDRA-952}{Cassandra-952}: .}",
}

@Misc{cassandra-961,
  title = "{\href{http://issues.apache.org/jira/browse/CASSANDRA-961}{Cassandra-961}: .}",
}

@Misc{cassandra-983,
  title = "{\href{http://issues.apache.org/jira/browse/CASSANDRA-983}{Cassandra-983}: .}",
}

@Misc{cassandra-987,
  title = "{\href{http://issues.apache.org/jira/browse/CASSANDRA-987}{Cassandra-987}: .}",
}

@Misc{cassandra-991,
  title = "{\href{http://issues.apache.org/jira/browse/CASSANDRA-991}{Cassandra-991}: .}",
}

@Misc{cassandra-995,
  title = "{\href{http://issues.apache.org/jira/browse/CASSANDRA-995}{Cassandra-995}: .}",
}

@Misc{cassandra-1011,
  title = "{\href{http://issues.apache.org/jira/browse/CASSANDRA-1011}{Cassandra-1011}: .}",
}

@Misc{cassandra-1019,
  title = "{\href{http://issues.apache.org/jira/browse/CASSANDRA-1019}{Cassandra-1019}: .}",
}

@Misc{cassandra-1038,
  title = "{\href{http://issues.apache.org/jira/browse/CASSANDRA-1038}{Cassandra-1038}: .}",
}

@Misc{cassandra-1040,
  title = "{\href{http://issues.apache.org/jira/browse/CASSANDRA-1040}{Cassandra-1040}: .}",
}

@Misc{cassandra-1053,
  title = "{\href{http://issues.apache.org/jira/browse/CASSANDRA-1053}{Cassandra-1053}: Expose setting of phi in the FailureDetector}",
}

@Misc{cassandra-1059,
  title = "{\href{http://issues.apache.org/jira/browse/CASSANDRA-1059}{Cassandra-1059}: .}",
}

@Misc{cassandra-1072,
  title = "{\href{http://issues.apache.org/jira/browse/CASSANDRA-1072}{Cassandra-1072}: .}",
}

@Misc{cassandra-1073,
  title = "{\href{http://issues.apache.org/jira/browse/CASSANDRA-1073}{Cassandra-1073}: .}",
}

@Misc{cassandra-1103,
  title = "{\href{http://issues.apache.org/jira/browse/CASSANDRA-1103}{Cassandra-1103}: DSS rack-awareness doesn't really work}",
}

@Misc{cassandra-1119,
  title = "{\href{http://issues.apache.org/jira/browse/CASSANDRA-1119}{Cassandra-1119}: detect incomplete commitlogheader}",
}

@Misc{cassandra-1141,
  title = "{\href{http://issues.apache.org/jira/browse/CASSANDRA-1141}{Cassandra-1141}: remove HintedHandOffManager.deliverAllHints}",
}

@Misc{cassandra-1142,
  title = "{\href{http://issues.apache.org/jira/browse/CASSANDRA-1142}{Cassandra-1142}: redesign hinted handoff schema}",
}

@Misc{cassandra-1145,
  title = "{\href{http://issues.apache.org/jira/browse/CASSANDRA-1145}{Cassandra-1145}: Reading with CL > ONE returns multiple copies of the same column per key}",
}

@Misc{cassandra-1149,
  title = "{\href{http://issues.apache.org/jira/browse/CASSANDRA-1149}{Cassandra-1149}: If node join fails process should recover or terminate}",
}

@Misc{cassandra-1170,
  title = "{\href{http://issues.apache.org/jira/browse/CASSANDRA-1170}{Cassandra-1170}: java.lang.NumberFormatException: For input string: "02473253("}",
}

@Misc{cassandra-1179,
  title = "{\href{http://issues.apache.org/jira/browse/CASSANDRA-1179}{Cassandra-1179}: split commitlog into header + mutations files}",
}

@Misc{cassandra-1198,
  title = "{\href{http://issues.apache.org/jira/browse/CASSANDRA-1198}{Cassandra-1198}: In a cluster, get_range_slices() does not return all the keys it should}",
}

@Misc{cassandra-1221,
  title = "{\href{http://issues.apache.org/jira/browse/CASSANDRA-1221}{Cassandra-1221}: loadbalance operation never completes on a 3 node cluster}",
}

@Misc{cassandra-1222,
  title = "{\href{http://issues.apache.org/jira/browse/CASSANDRA-1222}{Cassandra-1222}: Implement adaptive backoff for compaction/repairs}",
}

@Misc{cassandra-1248,
  title = "{\href{http://issues.apache.org/jira/browse/CASSANDRA-1248}{Cassandra-1248}: ArrayIndexOutOfBoundsException thrown when reading partially-written sstable}",
}

@Misc{cassandra-1279,
  title = "{\href{http://issues.apache.org/jira/browse/CASSANDRA-1279}{Cassandra-1279}: heisenbug in RoundRobinSchedulerTest}",
}

@Misc{cassandra-1289,
  title = "{\href{http://issues.apache.org/jira/browse/CASSANDRA-1289}{Cassandra-1289}: GossipTimerTask stops running if an Exception occurs}",
}

@Misc{cassandra-1297,
  title = "{\href{http://issues.apache.org/jira/browse/CASSANDRA-1297}{Cassandra-1297}: commitlog recover bug}",
}

@Misc{cassandra-1303,
  title = "{\href{http://issues.apache.org/jira/browse/CASSANDRA-1303}{Cassandra-1303}: Cassandra Throws Exception During Batch Insert}",
}

@Misc{cassandra-1316,
  title = "{\href{http://issues.apache.org/jira/browse/CASSANDRA-1316}{Cassandra-1316}: Read repair does not always work correctly}",
}

@Misc{cassandra-1335,
  title = "{\href{http://issues.apache.org/jira/browse/CASSANDRA-1335}{Cassandra-1335}: Add Consistency Level for Schema Creation Operations}",
}

@Misc{cassandra-1341,
  title = "{\href{http://issues.apache.org/jira/browse/CASSANDRA-1341}{Cassandra-1341}: Duplicate nodes showing on the ring when starting 3}",
}

@Misc{cassandra-1358,
  title = "{\href{http://issues.apache.org/jira/browse/CASSANDRA-1358}{Cassandra-1358}: Clogged RRS/RMS stages can hold up processing of gossip messages and request acks}",
}

@Misc{cassandra-1463,
  title = "{\href{http://issues.apache.org/jira/browse/CASSANDRA-1463}{Cassandra-1463}: Failed bootstrap can cause NPE in batch mutate on every node, taking down the entire cluster}",
}

@Misc{cassandra-1494,
  title = "{\href{http://issues.apache.org/jira/browse/CASSANDRA-1494}{Cassandra-1494}: Gossiper ConcurrentModificationException after Decommissioning}",
}

@Misc{cassandra-1608,
  title = "{\href{http://issues.apache.org/jira/browse/CASSANDRA-1608}{Cassandra-1608}: redesigned compaction}",
}

@Misc{cassandra-1641,
  title = "{\href{http://issues.apache.org/jira/browse/CASSANDRA-1641}{Cassandra-1641}: gc storm}",
}

@Misc{cassandra-1825,
  title = "{\href{http://issues.apache.org/jira/browse/CASSANDRA-1825}{Cassandra-1825}: Separation of Data (Cached/Non-Cached)}",
}

@Misc{cassandra-1829,
  title = "{\href{http://issues.apache.org/jira/browse/CASSANDRA-1829}{Cassandra-1829}: Nodetool move is broken}",
}

@Misc{cassandra-1882,
  title = "{\href{http://issues.apache.org/jira/browse/CASSANDRA-1882}{Cassandra-1882}: rate limit all background I/O}",
}

@Misc{cassandra-1895,
  title = "{\href{http://issues.apache.org/jira/browse/CASSANDRA-1895}{Cassandra-1895}: Loadbalance during gossip issues leaves cluster in bad state}",
}

@Misc{cassandra-1927,
  title = "{\href{http://issues.apache.org/jira/browse/CASSANDRA-1927}{Cassandra-1927}: Hadoop Integration doesn't work when one node is down}",
}

@Misc{cassandra-1991,
  title = "{\href{http://issues.apache.org/jira/browse/CASSANDRA-1991}{Cassandra-1991}: CFS.maybeSwitchMemtable() calls CommitLog.instance.getContext(), which may block, under flusher lock write lock}",
}

@Misc{cassandra-2034,
  title = "{\href{http://issues.apache.org/jira/browse/CASSANDRA-2034}{Cassandra-2034}: Make Read Repair unnecessary when Hinted Handoff is enabled}",
}

@Misc{cassandra-2045,
  title = "{\href{http://issues.apache.org/jira/browse/CASSANDRA-2045}{Cassandra-2045}: Simplify HH to decrease read load when nodes come back}",
}

@Misc{cassandra-2053,
  title = "{\href{http://issues.apache.org/jira/browse/CASSANDRA-2053}{Cassandra-2053}: Make cache saving less contentious}",
}

@Misc{cassandra-2054,
  title = "{\href{http://issues.apache.org/jira/browse/CASSANDRA-2054}{Cassandra-2054}: Cpu Spike to > 100\%}",
}

@Misc{cassandra-2058,
  title = "{\href{http://issues.apache.org/jira/browse/CASSANDRA-2058}{Cassandra-2058}: Load spikes due to MessagingService-generated garbage collection}",
}

@Misc{cassandra-2069,
  title = "{\href{http://issues.apache.org/jira/browse/CASSANDRA-2069}{Cassandra-2069}: Read repair causes tremendous GC pressure}",
}

@Misc{cassandra-2156,
  title = "{\href{http://issues.apache.org/jira/browse/CASSANDRA-2156}{Cassandra-2156}: Compaction Throttling}",
}

@Misc{cassandra-2161,
  title = "{\href{http://issues.apache.org/jira/browse/CASSANDRA-2161}{Cassandra-2161}: throttle hinted handoff delivery}",
}

@Misc{cassandra-2170,
  title = "{\href{http://issues.apache.org/jira/browse/CASSANDRA-2170}{Cassandra-2170}: Load Spikes}",
}

@Misc{cassandra-2240,
  title = "{\href{http://issues.apache.org/jira/browse/CASSANDRA-2240}{Cassandra-2240}: nodetool scrub hangs or throws an exception}",
}

@Misc{cassandra-2252,
  title = "{\href{http://issues.apache.org/jira/browse/CASSANDRA-2252}{Cassandra-2252}: arena allocation for memtables}",
}

@Misc{cassandra-2357,
  title = "{\href{http://issues.apache.org/jira/browse/CASSANDRA-2357}{Cassandra-2357}: Load spikes on coordinators since upgrade from 0.6.8 to 0.7}",
}

@Misc{cassandra-2394,
  title = "{\href{http://issues.apache.org/jira/browse/CASSANDRA-2394}{Cassandra-2394}: Faulty hd kills cluster performance}",
}

@Misc{cassandra-2411,
  title = "{\href{http://issues.apache.org/jira/browse/CASSANDRA-2411}{Cassandra-2411}: log why a SSTable is being deleted}",
}

@Misc{cassandra-2427,
  title = "{\href{http://issues.apache.org/jira/browse/CASSANDRA-2427}{Cassandra-2427}: Heuristic or hard cap to prevent fragmented commit logs from bringing down the server}",
}

@Misc{cassandra-2434,
  title = "{\href{http://issues.apache.org/jira/browse/CASSANDRA-2434}{Cassandra-2434}: range movements can violate consistency}",
}

@Misc{cassandra-2463,
  title = "{\href{http://issues.apache.org/jira/browse/CASSANDRA-2463}{Cassandra-2463}: Flush and Compaction Unnecessarily Allocate 256MB Contiguous Buffers}",
}

@Misc{cassandra-2496,
  title = "{\href{http://issues.apache.org/jira/browse/CASSANDRA-2496}{Cassandra-2496}: Gossip should handle 'dead' states}",
}

@Misc{cassandra-2543,
  title = "{\href{http://issues.apache.org/jira/browse/CASSANDRA-2543}{Cassandra-2543}: Node not responding, bringing down cluster, marked as up}",
}

@Misc{cassandra-2565,
  title = "{\href{http://issues.apache.org/jira/browse/CASSANDRA-2565}{Cassandra-2565}: Nodes are not reported as alive after being marked down}",
}

@Misc{cassandra-2643,
  title = "{\href{http://issues.apache.org/jira/browse/CASSANDRA-2643}{Cassandra-2643}: Flush and Compaction Unnecessarily Allocate 256MB Contiguous Buffers}",
}

@Misc{cassandra-2660,
  title = "{\href{http://issues.apache.org/jira/browse/CASSANDRA-2660}{Cassandra-2660}: BRAF.sync() bug can cause massive commit log write magnification}",
}

@Misc{cassandra-2714,
  title = "{\href{http://issues.apache.org/jira/browse/CASSANDRA-2714}{Cassandra-2714}: Throttle migration replay}",
}

@Misc{cassandra-2889,
  title = "{\href{http://issues.apache.org/jira/browse/CASSANDRA-2889}{Cassandra-2889}: Avoids having replicate on write tasks stacking up at CL.ONE}",
}

@Misc{cassandra-2918,
  title = "{\href{http://issues.apache.org/jira/browse/CASSANDRA-2918}{Cassandra-2918}: After repair, missing rows from query if you don't flush other replicas}",
}

@Misc{cassandra-3005,
  title = "{\href{http://issues.apache.org/jira/browse/CASSANDRA-3005}{Cassandra-3005}: OutboundTcpConnection's sending queue grows unboundedly without any backpressure logic}",
}

@Misc{cassandra-3075,
  title = "{\href{http://issues.apache.org/jira/browse/CASSANDRA-3075}{Cassandra-3075}: Allow the client request scheduler to throw Timeouts}",
}

@Misc{cassandra-3079,
  title = "{\href{http://issues.apache.org/jira/browse/CASSANDRA-3079}{Cassandra-3079}: Allow the client request scheduler to throw Timeouts}",
}

@Misc{cassandra-3080,
  title = "{\href{http://issues.apache.org/jira/browse/CASSANDRA-3080}{Cassandra-3080}: Add throttling for internode streaming}",
}

@Misc{cassandra-3109,
  title = "{\href{http://issues.apache.org/jira/browse/CASSANDRA-3109}{Cassandra-3109}: nodetool repair consuming large disk when it ran after increasing replication factor on live cluster}",
}

@Misc{cassandra-3226,
  title = "{\href{http://issues.apache.org/jira/browse/CASSANDRA-3226}{Cassandra-3226}: Single faulty node brings down entire cluster. No reads/writes possible}",
}

@Misc{cassandra-3272,
  title = "{\href{http://issues.apache.org/jira/browse/CASSANDRA-3272}{Cassandra-3272}: READ Operation with CL=EACH_QUORUM succeed when a DC is down (RF=3)}",
}

@Misc{cassandra-3273,
  title = "{\href{http://issues.apache.org/jira/browse/CASSANDRA-3273}{Cassandra-3273}: FailureDetector can take a very long time to mark a host down}",
}

@Misc{cassandra-3344,
  title = "{\href{http://issues.apache.org/jira/browse/CASSANDRA-3344}{Cassandra-3344}: Compaction throttling can be too slow}",
}

@Misc{cassandra-3440,
  title = "{\href{http://issues.apache.org/jira/browse/CASSANDRA-3440}{Cassandra-3440}: local writes timing out cause attempt to hint to self}",
}

@Misc{cassandra-3554,
  title = "{\href{http://issues.apache.org/jira/browse/CASSANDRA-3554}{Cassandra-3554}: Hints are not replayed unless node was marked down}",
}

@Misc{cassandra-3626,
  title = "{\href{http://issues.apache.org/jira/browse/CASSANDRA-3626}{Cassandra-3626}: Nodes can get stuck in UP state forever, despite being DOWN}",
}

@Misc{cassandra-3635,
  title = "{\href{http://issues.apache.org/jira/browse/CASSANDRA-3635}{Cassandra-3635}: Throttle validation separately from other compaction}",
}

@Misc{cassandra-3666,
  title = "{\href{http://issues.apache.org/jira/browse/CASSANDRA-3666}{Cassandra-3666}: Changing compaction strategy from Leveled to SizeTiered logs millions of messages about nothing to compact}",
}

@Misc{cassandra-3750,
  title = "{\href{http://issues.apache.org/jira/browse/CASSANDRA-3750}{Cassandra-3750}: Migrations and Schema CFs use disk space proportional to the square of the number of CFs}",
}

@Misc{cassandra-3807,
  title = "{\href{http://issues.apache.org/jira/browse/CASSANDRA-3807}{Cassandra-3807}: bootstrap can silently fail if sources are down for one or more ranges}",
}

@Misc{cassandra-3831,
  title = "{\href{http://issues.apache.org/jira/browse/CASSANDRA-3831}{Cassandra-3831}: scaling to large clusters in GossipStage impossible due to calculatePendingRanges}",
}

@Misc{cassandra-3853,
  title = "{\href{http://issues.apache.org/jira/browse/CASSANDRA-3853}{Cassandra-3853}: lower impact on old-gen promotion of slow nodes or connections}",
}

@Misc{cassandra-4045,
  title = "{\href{http://issues.apache.org/jira/browse/CASSANDRA-4045}{Cassandra-4045}: BOF fails when some nodes are down}",
}

@Misc{cassandra-4100,
  title = "{\href{http://issues.apache.org/jira/browse/CASSANDRA-4100}{Cassandra-4100}: Make scrub and cleanup operations throttled}",
}

@Misc{cassandra-4541,
  title = "{\href{http://issues.apache.org/jira/browse/CASSANDRA-4541}{Cassandra-4541}: Replace Throttle with Guava's RateLimiter}",
}

@Misc{cassandra-4708,
  title = "{\href{http://issues.apache.org/jira/browse/CASSANDRA-4708}{Cassandra-4708}: StorageProxy slow-down and memory leak}",
}

@Misc{cassandra-9999,
  title = "{\href{http://issues.apache.org/jira/browse/CASSANDRA-9999}{Cassandra-9999}: Notes \#}",
}

@Misc{hadoop-,
  title = "{\href{http://issues.apache.org/jira/browse/HADOOP-}{Hadoop-}: }",
}

@Misc{hadoop-572,
  title = "{\href{http://issues.apache.org/jira/browse/HADOOP-572}{Hadoop-572}: Chain reaction in a big cluster caused by simultaneous failure of only a few data-nodes}",
}

@Misc{hadoop-923,
  title = "{\href{http://issues.apache.org/jira/browse/HADOOP-923}{Hadoop-923}: DFS Scalability: datanode heartbeat timeouts cause cascading timeouts of other datanodes}",
}

@Misc{hadoop-1073,
  title = "{\href{http://issues.apache.org/jira/browse/HADOOP-1073}{Hadoop-1073}: DFS Scalability: high CPU usage in choosing replication targets and file open }",
}

@Misc{hadoop-1984,
  title = "{\href{http://issues.apache.org/jira/browse/HADOOP-1984}{Hadoop-1984}: some reducer stuck at copy phase and progress extremely slowly}",
}

@Misc{hadoop-2910,
  title = "{\href{http://issues.apache.org/jira/browse/HADOOP-2910}{Hadoop-2910}: Throttle IPC Client/Server during bursts of requests or server slowdown}",
}

@Misc{hadoop-3109,
  title = "{\href{http://issues.apache.org/jira/browse/HADOOP-3109}{Hadoop-3109}: RPC should accepted connections even when rpc queue is full (ie undo part of HADOOP-2910)}",
}

@Misc{hadoop-4584,
  title = "{\href{http://issues.apache.org/jira/browse/HADOOP-4584}{Hadoop-4584}: Slow generation of blockReport at DataNode causes delay of sending heartbeat to NameNode}",
}

@Misc{hadoop-4702,
  title = "{\href{http://issues.apache.org/jira/browse/HADOOP-4702}{Hadoop-4702}: .....}",
}

@Misc{hadoop-7191,
  title = "{\href{http://issues.apache.org/jira/browse/HADOOP-7191}{Hadoop-7191}: BackUpNameNode is using 100\% CPU and not accepting any requests.}",
}

@Misc{hbase-,
  title = "{\href{http://issues.apache.org/jira/browse/HBASE-}{HBase-}: }",
}

@Misc{hbase-138,
  title = "{\href{http://issues.apache.org/jira/browse/HBASE-138}{HBase-138}: Under load, regions become extremely large and eventually cause region servers to become unresponsive}",
}

@Misc{hbase-615,
  title = "{\href{http://issues.apache.org/jira/browse/HBASE-615}{HBase-615}: Region balancer oscillates during cluster startup}",
}

@Misc{hbase-1123,
  title = "{\href{http://issues.apache.org/jira/browse/HBASE-1123}{HBase-1123}: Server never leaves the dead list though logs have all been processed if crashed server had -ROOT- (seemingly)}",
}

@Misc{hbase-1196,
  title = "{\href{http://issues.apache.org/jira/browse/HBASE-1196}{HBase-1196}: OOME in HRS IPC server causes infinite client stall}",
}

@Misc{hbase-1457,
  title = "{\href{http://issues.apache.org/jira/browse/HBASE-1457}{HBase-1457}: Taking down ROOT/META regionserver can result in cluster becoming in-operational}",
}

@Misc{hbase-1583,
  title = "{\href{http://issues.apache.org/jira/browse/HBASE-1583}{HBase-1583}: Start/Stop of large cluster untenable}",
}

@Misc{hbase-1882,
  title = "{\href{http://issues.apache.org/jira/browse/HBASE-1882}{HBase-1882}: Put bad edits into a failed edits log rather than puke and crash}",
}

@Misc{hbase-2223,
  title = "{\href{http://issues.apache.org/jira/browse/HBASE-2223}{HBase-2223}: Handle 10min+ network partitions between clusters}",
}

@Misc{hbase-2244,
  title = "{\href{http://issues.apache.org/jira/browse/HBASE-2244}{HBase-2244}: META gets inconsistent in a number of crash scenarios}",
}

@Misc{hbase-2413,
  title = "{\href{http://issues.apache.org/jira/browse/HBASE-2413}{HBase-2413}: Master does not respect generation stamps, may result in meta getting permanently offlined}",
}

@Misc{hbase-2774,
  title = "{\href{http://issues.apache.org/jira/browse/HBASE-2774}{HBase-2774}: Spin in ReadWriteConsistencyControl eating CPU (load > 40) and no progress running YCSB on clean cluster startup}",
}

@Misc{hbase-3040,
  title = "{\href{http://issues.apache.org/jira/browse/HBASE-3040}{HBase-3040}: BlockIndex readIndex too slowly in heavy write scenario}",
}

@Misc{hbase-3047,
  title = "{\href{http://issues.apache.org/jira/browse/HBASE-3047}{HBase-3047}: If new master crashes, restart is messy}",
}

@Misc{hbase-3130,
  title = "{\href{http://issues.apache.org/jira/browse/HBASE-3130}{HBase-3130}: replication ReplicationSource can't recover from session expired on remote clusters}",
}

@Misc{hbase-3141,
  title = "{\href{http://issues.apache.org/jira/browse/HBASE-3141}{HBase-3141}: Master RPC server needs to be started before an RS can check in}",
}

@Misc{hbase-3147,
  title = "{\href{http://issues.apache.org/jira/browse/HBASE-3147}{HBase-3147}: Regions stuck in transition after rolling restart, perpetual timeout handling but nothing happens}",
}

@Misc{hbase-3285,
  title = "{\href{http://issues.apache.org/jira/browse/HBASE-3285}{HBase-3285}: Hlog recovery takes too much time}",
}

@Misc{hbase-3327,
  title = "{\href{http://issues.apache.org/jira/browse/HBASE-3327}{HBase-3327}: For increment workloads, retain memstores in memory after flushing them}",
}

@Misc{hbase-3332,
  title = "{\href{http://issues.apache.org/jira/browse/HBASE-3332}{HBase-3332}: Regions stuck in transition after RS failure}",
}

@Misc{hbase-3344,
  title = "{\href{http://issues.apache.org/jira/browse/HBASE-3344}{HBase-3344}: Master aborts after RPC to server that was shutting down}",
}

@Misc{hbase-3404,
  title = "{\href{http://issues.apache.org/jira/browse/HBASE-3404}{HBase-3404}: Compaction Ordering for Bulk Import Files}",
}

@Misc{hbase-3445,
  title = "{\href{http://issues.apache.org/jira/browse/HBASE-3445}{HBase-3445}: Master crashes on data that was moved from different host}",
}

@Misc{hbase-3690,
  title = "{\href{http://issues.apache.org/jira/browse/HBASE-3690}{HBase-3690}: Option to Exclude Bulk Import Files from Minor Compaction}",
}

@Misc{hbase-3722,
  title = "{\href{http://issues.apache.org/jira/browse/HBASE-3722}{HBase-3722}: A lot of data is lost when name node crashed}",
}

@Misc{hbase-3743,
  title = "{\href{http://issues.apache.org/jira/browse/HBASE-3743}{HBase-3743}: Throttle major compaction}",
}

@Misc{hbase-3744,
  title = "{\href{http://issues.apache.org/jira/browse/HBASE-3744}{HBase-3744}: createTable blocks until all regions are out of transition}",
}

@Misc{hbase-3970,
  title = "{\href{http://issues.apache.org/jira/browse/HBASE-3970}{HBase-3970}: Address HMaster crash/failure half way through meta migration}",
}

@Misc{hbase-4007,
  title = "{\href{http://issues.apache.org/jira/browse/HBASE-4007}{HBase-4007}: distributed log splitting can get indefinitely stuck}",
}

@Misc{hbase-4463,
  title = "{\href{http://issues.apache.org/jira/browse/HBASE-4463}{HBase-4463}: Run more aggressive compactions during off peak hours}",
}

@Misc{hbase-4863,
  title = "{\href{http://issues.apache.org/jira/browse/HBASE-4863}{HBase-4863}: Make Thrift server thread pool bounded and add a command-line UI test}",
}

@Misc{hbase-4878,
  title = "{\href{http://issues.apache.org/jira/browse/HBASE-4878}{HBase-4878}: Master crash when splitting hlog may cause data loss}",
}

@Misc{hbase-5162,
  title = "{\href{http://issues.apache.org/jira/browse/HBASE-5162}{HBase-5162}: Basic client pushback mechanism}",
}

@Misc{hbase-5332,
  title = "{\href{http://issues.apache.org/jira/browse/HBASE-5332}{HBase-5332}: Deterministic Compaction Jitter}",
}

@Misc{hbase-5607,
  title = "{\href{http://issues.apache.org/jira/browse/HBASE-5607}{HBase-5607}: Implement scanner caching throttling to prevent too big responses}",
}

@Misc{hbase-5713,
  title = "{\href{http://issues.apache.org/jira/browse/HBASE-5713}{HBase-5713}: Introduce throttling during Instant schema change process to throttle opening/closing regions.}",
}

@Misc{hbase-5806,
  title = "{\href{http://issues.apache.org/jira/browse/HBASE-5806}{HBase-5806}: Handle split region related failures on master restart and RS restart}",
}

@Misc{hbase-5867,
  title = "{\href{http://issues.apache.org/jira/browse/HBASE-5867}{HBase-5867}: Improve Compaction Throttle Default}",
}

@Misc{hbase-5883,
  title = "{\href{http://issues.apache.org/jira/browse/HBASE-5883}{HBase-5883}: Backup master is going down due to connection refused exception}",
}

@Misc{hbase-5890,
  title = "{\href{http://issues.apache.org/jira/browse/HBASE-5890}{HBase-5890}: SplitLog Rescan BusyWaits upon Zk.CONNECTIONLOSS}",
}

@Misc{hbase-5897,
  title = "{\href{http://issues.apache.org/jira/browse/HBASE-5897}{HBase-5897}: prePut coprocessor hook causing substantial CPU usage}",
}

@Misc{hbase-5912,
  title = "{\href{http://issues.apache.org/jira/browse/HBASE-5912}{HBase-5912}: org.apache.hadoop.hbase.ipc.ProtocolSignature.getFingerprint takes significant CPU}",
}

@Misc{hbase-6364,
  title = "{\href{http://issues.apache.org/jira/browse/HBASE-6364}{HBase-6364}: Powering down the server host holding the .META. table causes HBase Client to take excessively long to recover and connect to reassigned .META. table}",
}

@Misc{hbase-6602,
  title = "{\href{http://issues.apache.org/jira/browse/HBASE-6602}{HBase-6602}: Region Server Dynamic Metrics can cause high cpu usage.}",
}

@Misc{hbase-6634,
  title = "{\href{http://issues.apache.org/jira/browse/HBASE-6634}{HBase-6634}: Powering down the server host holding the .META. table causes HBase Client to take excessively long to recover and connect to reassigned .META. table}",
}

@Misc{hbase-6695,
  title = "{\href{http://issues.apache.org/jira/browse/HBASE-6695}{HBase-6695}: Replication Data will lose if RegionServer down during transferqueue}",
}

@Misc{hdfs-3,
  title = "{\href{http://issues.apache.org/jira/browse/HDFS-3}{HDFS-3}: processIOError() may cause infinite loop.}",
}

@Misc{hdfs-7,
  title = "{\href{http://issues.apache.org/jira/browse/HDFS-7}{HDFS-7}: NotReplicatedYetException is handled incorrectly in DFSClient}",
}

@Misc{hdfs-15,
  title = "{\href{http://issues.apache.org/jira/browse/HDFS-15}{HDFS-15}: All replicas of a block end up on only 1 rack}",
}

@Misc{hdfs-19,
  title = "{\href{http://issues.apache.org/jira/browse/HDFS-19}{HDFS-19}: Unhandled exceptions in DFSClient}",
}

@Misc{hdfs-23,
  title = "{\href{http://issues.apache.org/jira/browse/HDFS-23}{HDFS-23}: many filelist calls to large directory killing the namenode}",
}

@Misc{hdfs-24,
  title = "{\href{http://issues.apache.org/jira/browse/HDFS-24}{HDFS-24}: FSDataOutputStream should flush last partial CRC chunk}",
}

@Misc{hdfs-29,
  title = "{\href{http://issues.apache.org/jira/browse/HDFS-29}{HDFS-29}: In Datanode, update block may fail due to length inconsistency}",
}

@Misc{hdfs-30,
  title = "{\href{http://issues.apache.org/jira/browse/HDFS-30}{HDFS-30}: Simulated DataNode crashes NameNode}",
}

@Misc{hdfs-37,
  title = "{\href{http://issues.apache.org/jira/browse/HDFS-37}{HDFS-37}: An invalidated block should be removed from the blockMap}",
}

@Misc{hdfs-43,
  title = "{\href{http://issues.apache.org/jira/browse/HDFS-43}{HDFS-43}: Ignoring IOExceptions on close}",
}

@Misc{hdfs-47,
  title = "{\href{http://issues.apache.org/jira/browse/HDFS-47}{HDFS-47}: dead datanodes because of OutOfMemoryError}",
}

@Misc{hdfs-56,
  title = "{\href{http://issues.apache.org/jira/browse/HDFS-56}{HDFS-56}: Datanodes get error message "is valid, and cannot be written to"}",
}

@Misc{hdfs-57,
  title = "{\href{http://issues.apache.org/jira/browse/HDFS-57}{HDFS-57}: A Datanode's datadir could have lots of blocks in the top-level directory}",
}

@Misc{hdfs-60,
  title = "{\href{http://issues.apache.org/jira/browse/HDFS-60}{HDFS-60}: loss of VERSION file on datanode when trying to startup with full disk}",
}

@Misc{hdfs-63,
  title = "{\href{http://issues.apache.org/jira/browse/HDFS-63}{HDFS-63}: Datanode stops cleaning disk space}",
}

@Misc{hdfs-64,
  title = "{\href{http://issues.apache.org/jira/browse/HDFS-64}{HDFS-64}: delete on dfs hung}",
}

@Misc{hdfs-72,
  title = "{\href{http://issues.apache.org/jira/browse/HDFS-72}{HDFS-72}: IOException at task startup "No valid local directories in property: dfs.client.buffer.dir"}",
}

@Misc{hdfs-80,
  title = "{\href{http://issues.apache.org/jira/browse/HDFS-80}{HDFS-80}: Rename of a directory with many opened files blocks name-node for a long time. changeLease() to blame}",
}

@Misc{hdfs-81,
  title = "{\href{http://issues.apache.org/jira/browse/HDFS-81}{HDFS-81}: Impact in NameNode scalability because heartbeat processing acquires the global lock}",
}

@Misc{hdfs-86,
  title = "{\href{http://issues.apache.org/jira/browse/HDFS-86}{HDFS-86}: Corrupted blocks get deleted but not replicated}",
}

@Misc{hdfs-87,
  title = "{\href{http://issues.apache.org/jira/browse/HDFS-87}{HDFS-87}: NameNode startup fails if edit log terminates prematurely}",
}

@Misc{hdfs-89,
  title = "{\href{http://issues.apache.org/jira/browse/HDFS-89}{HDFS-89}: Datanode should verify block sizes vs metadata on startup}",
}

@Misc{hdfs-90,
  title = "{\href{http://issues.apache.org/jira/browse/HDFS-90}{HDFS-90}: dfs.name.dir disk full}",
}

@Misc{hdfs-93,
  title = "{\href{http://issues.apache.org/jira/browse/HDFS-93}{HDFS-93}: NameNode should not serve up a bad edits log}",
}

@Misc{hdfs-101,
  title = "{\href{http://issues.apache.org/jira/browse/HDFS-101}{HDFS-101}: DFS write pipeline : DFSClient sometimes does not detect second datanode failure}",
}

@Misc{hdfs-108,
  title = "{\href{http://issues.apache.org/jira/browse/HDFS-108}{HDFS-108}: File write fails after data node goes down}",
}

@Misc{hdfs-118,
  title = "{\href{http://issues.apache.org/jira/browse/HDFS-118}{HDFS-118}: Namenode clients should recover from connection or Namenode restarts}",
}

@Misc{hdfs-119,
  title = "{\href{http://issues.apache.org/jira/browse/HDFS-119}{HDFS-119}: logSync() may block NameNode forever}",
}

@Misc{hdfs-122,
  title = "{\href{http://issues.apache.org/jira/browse/HDFS-122}{HDFS-122}: Namenode should let Datanode decide how to delete blocks}",
}

@Misc{hdfs-125,
  title = "{\href{http://issues.apache.org/jira/browse/HDFS-125}{HDFS-125}: Consistency of different replicas of the same block is not checked}",
}

@Misc{hdfs-127,
  title = "{\href{http://issues.apache.org/jira/browse/HDFS-127}{HDFS-127}: DFSClient block read failures cause open DFSInputStream to become unusable}",
}

@Misc{hdfs-137,
  title = "{\href{http://issues.apache.org/jira/browse/HDFS-137}{HDFS-137}: DataNode should clean up temporary files when writeBlock fails}",
}

@Misc{hdfs-138,
  title = "{\href{http://issues.apache.org/jira/browse/HDFS-138}{HDFS-138}: data node process should not die if one dir goes bad}",
}

@Misc{hdfs-139,
  title = "{\href{http://issues.apache.org/jira/browse/HDFS-139}{HDFS-139}: Datanode block deletions can get starved}",
}

@Misc{hdfs-142,
  title = "{\href{http://issues.apache.org/jira/browse/HDFS-142}{HDFS-142}: Datanode should delete files under tmp when upgraded from 0.17}",
}

@Misc{hdfs-143,
  title = "{\href{http://issues.apache.org/jira/browse/HDFS-143}{HDFS-143}: AlreadyBeingCreatedException because pendingCreates is non-null}",
}

@Misc{hdfs-145,
  title = "{\href{http://issues.apache.org/jira/browse/HDFS-145}{HDFS-145}: FSNameSystem\#addStoredBlock does not handle inconsistent block length correctly}",
}

@Misc{hdfs-148,
  title = "{\href{http://issues.apache.org/jira/browse/HDFS-148}{HDFS-148}: timeout when writing dfs file causes infinite loop when closing the file}",
}

@Misc{hdfs-150,
  title = "{\href{http://issues.apache.org/jira/browse/HDFS-150}{HDFS-150}: Replication should be decoupled from heartbeat}",
}

@Misc{hdfs-157,
  title = "{\href{http://issues.apache.org/jira/browse/HDFS-157}{HDFS-157}: dfs client -ls/-lsr outofmemory when one directory contained 2 million files}",
}

@Misc{hdfs-167,
  title = "{\href{http://issues.apache.org/jira/browse/HDFS-167}{HDFS-167}: DFSClient continues to retry indefinitely}",
}

@Misc{hdfs-168,
  title = "{\href{http://issues.apache.org/jira/browse/HDFS-168}{HDFS-168}: Block report processing should compare generation stamp}",
}

@Misc{hdfs-173,
  title = "{\href{http://issues.apache.org/jira/browse/HDFS-173}{HDFS-173}: Recursively deleting a directory with millions of files makes NameNode unresponsive for other commands until the deletion completes}",
}

@Misc{hdfs-183,
  title = "{\href{http://issues.apache.org/jira/browse/HDFS-183}{HDFS-183}: MapReduce Streaming job hang when all replications of the input file has corrupted!}",
}

@Misc{hdfs-185,
  title = "{\href{http://issues.apache.org/jira/browse/HDFS-185}{HDFS-185}: Chown , chgrp , chmod operations allowed when namenode is in safemode}",
}

@Misc{hdfs-196,
  title = "{\href{http://issues.apache.org/jira/browse/HDFS-196}{HDFS-196}: File length not reported correctly after application crash}",
}

@Misc{hdfs-200,
  title = "{\href{http://issues.apache.org/jira/browse/HDFS-200}{HDFS-200}: In HDFS, sync() not yet guarantees data available to the new readers}",
}

@Misc{hdfs-223,
  title = "{\href{http://issues.apache.org/jira/browse/HDFS-223}{HDFS-223}: Asynchronous IO Handling in Hadoop and HDFS}",
}

@Misc{hdfs-243,
  title = "{\href{http://issues.apache.org/jira/browse/HDFS-243}{HDFS-243}: Namenode cluster(multi namenode working in active-active mode) to keep high availability and expansivity}",
}

@Misc{hdfs-263,
  title = "{\href{http://issues.apache.org/jira/browse/HDFS-263}{HDFS-263}: fsck -files -blocks -locations is a little slow}",
}

@Misc{hdfs-264,
  title = "{\href{http://issues.apache.org/jira/browse/HDFS-264}{HDFS-264}: Better Datanode DiskOutOfSpaceException handling}",
}

@Misc{hdfs-265,
  title = "{\href{http://issues.apache.org/jira/browse/HDFS-265}{HDFS-265}: revisit append}",
}

@Misc{hdfs-270,
  title = "{\href{http://issues.apache.org/jira/browse/HDFS-270}{HDFS-270}: DFS Upgrade should process dfs.data.dirs in parallel}",
}

@Misc{hdfs-273,
  title = "{\href{http://issues.apache.org/jira/browse/HDFS-273}{HDFS-273}: Improve Block report processing and name node restarts}",
}

@Misc{hdfs-276,
  title = "{\href{http://issues.apache.org/jira/browse/HDFS-276}{HDFS-276}: Checksums for Namenode image files}",
}

@Misc{hdfs-280,
  title = "{\href{http://issues.apache.org/jira/browse/HDFS-280}{HDFS-280}: Secondary Namenode: Limit number of retries when fsimage/edits transfer fails}",
}

@Misc{hdfs-289,
  title = "{\href{http://issues.apache.org/jira/browse/HDFS-289}{HDFS-289}: HDFS should blacklist datanodes that are not performing well}",
}

@Misc{hdfs-317,
  title = "{\href{http://issues.apache.org/jira/browse/HDFS-317}{HDFS-317}: Limiting memory usage on namenode}",
}

@Misc{hdfs-319,
  title = "{\href{http://issues.apache.org/jira/browse/HDFS-319}{HDFS-319}: Add option to fsck that checks the crc}",
}

@Misc{hdfs-327,
  title = "{\href{http://issues.apache.org/jira/browse/HDFS-327}{HDFS-327}: DataNode should warn about unknown files in storage}",
}

@Misc{hdfs-338,
  title = "{\href{http://issues.apache.org/jira/browse/HDFS-338}{HDFS-338}: When a block is severely under replicated at creation time, a request for block replication should be scheduled immediately}",
}

@Misc{hdfs-343,
  title = "{\href{http://issues.apache.org/jira/browse/HDFS-343}{HDFS-343}: Better Target selection for block replication}",
}

@Misc{hdfs-351,
  title = "{\href{http://issues.apache.org/jira/browse/HDFS-351}{HDFS-351}: Could FSEditLog report problems more elegantly than with System.exit(-1)}",
}

@Misc{hdfs-354,
  title = "{\href{http://issues.apache.org/jira/browse/HDFS-354}{HDFS-354}: Data node process consumes 180\% cpu}",
}

@Misc{hdfs-358,
  title = "{\href{http://issues.apache.org/jira/browse/HDFS-358}{HDFS-358}: DataBlockScanner (via periodic verification) could be improved to check for corrupt block length}",
}

@Misc{hdfs-376,
  title = "{\href{http://issues.apache.org/jira/browse/HDFS-376}{HDFS-376}: FileSystem.listStatus should report the current length of a file if it has been sync'd}",
}

@Misc{hdfs-380,
  title = "{\href{http://issues.apache.org/jira/browse/HDFS-380}{HDFS-380}: support for persistent connections to improve random read performance}",
}

@Misc{hdfs-384,
  title = "{\href{http://issues.apache.org/jira/browse/HDFS-384}{HDFS-384}: optionally ignore a bad entry in namenode state when starting up}",
}

@Misc{hdfs-387,
  title = "{\href{http://issues.apache.org/jira/browse/HDFS-387}{HDFS-387}: Corrupted blocks leading to job failures, (fsck reports healthy)}",
}

@Misc{hdfs-392,
  title = "{\href{http://issues.apache.org/jira/browse/HDFS-392}{HDFS-392}: Add a Random backoff for the initial block report sent to the Name node}",
}

@Misc{hdfs-394,
  title = "{\href{http://issues.apache.org/jira/browse/HDFS-394}{HDFS-394}: NameNode shoud give the Datanodes a parameter that specifies the backoff time for initial block reports}",
}

@Misc{hdfs-395,
  title = "{\href{http://issues.apache.org/jira/browse/HDFS-395}{HDFS-395}: DFS Scalability: Incremental block reports}",
}

@Misc{hdfs-410,
  title = "{\href{http://issues.apache.org/jira/browse/HDFS-410}{HDFS-410}: fsck: Check for files-under-contruction without leases}",
}

@Misc{hdfs-457,
  title = "{\href{http://issues.apache.org/jira/browse/HDFS-457}{HDFS-457}: better handling of volume failure in Data Node storage}",
}

@Misc{hdfs-495,
  title = "{\href{http://issues.apache.org/jira/browse/HDFS-495}{HDFS-495}: Hadoop FSNamesystem startFileInternal() getLease() has bug}",
}

@Misc{hdfs-509,
  title = "{\href{http://issues.apache.org/jira/browse/HDFS-509}{HDFS-509}: Redesign DataNode volumeMap to include all types of Replicas}",
}

@Misc{hdfs-516,
  title = "{\href{http://issues.apache.org/jira/browse/HDFS-516}{HDFS-516}: Low Latency distributed reads}",
}

@Misc{hdfs-536,
  title = "{\href{http://issues.apache.org/jira/browse/HDFS-536}{HDFS-536}: Support hflush at DFSClient}",
}

@Misc{hdfs-537,
  title = "{\href{http://issues.apache.org/jira/browse/HDFS-537}{HDFS-537}: DataNode uses ReplicaBeingWritten to support dfs writes/hflush}",
}

@Misc{hdfs-543,
  title = "{\href{http://issues.apache.org/jira/browse/HDFS-543}{HDFS-543}: Break FSDatasetInterface\#writeToBlock() into writeToTemporary, writeToRBW, and append}",
}

@Misc{hdfs-544,
  title = "{\href{http://issues.apache.org/jira/browse/HDFS-544}{HDFS-544}: Add a "rbw" sub directory to DataNode data directory}",
}

@Misc{hdfs-547,
  title = "{\href{http://issues.apache.org/jira/browse/HDFS-547}{HDFS-547}: TestHDFSFileSystemContract\#testOutputStreamClosedTwice sometimes fails with ClosedByInterruptException}",
}

@Misc{hdfs-548,
  title = "{\href{http://issues.apache.org/jira/browse/HDFS-548}{HDFS-548}: TestFsck takes nearly 10 minutes to run - a quarter of the entire hdfs-test time}",
}

@Misc{hdfs-553,
  title = "{\href{http://issues.apache.org/jira/browse/HDFS-553}{HDFS-553}: BlockSender reports wrong failed position in ChecksumException}",
}

@Misc{hdfs-564,
  title = "{\href{http://issues.apache.org/jira/browse/HDFS-564}{HDFS-564}: Adding pipeline test 17-35}",
}

@Misc{hdfs-565,
  title = "{\href{http://issues.apache.org/jira/browse/HDFS-565}{HDFS-565}: Introduce block committing logic during new block allocation and file close}",
}

@Misc{hdfs-570,
  title = "{\href{http://issues.apache.org/jira/browse/HDFS-570}{HDFS-570}: When opening a file for read, make the file length avaliable to client}",
}

@Misc{hdfs-575,
  title = "{\href{http://issues.apache.org/jira/browse/HDFS-575}{HDFS-575}: DFSClient read performance can be improved by stagerring connection setup to datanode(s)}",
}

@Misc{hdfs-576,
  title = "{\href{http://issues.apache.org/jira/browse/HDFS-576}{HDFS-576}: Extend Block report to include under-construction replicas}",
}

@Misc{hdfs-577,
  title = "{\href{http://issues.apache.org/jira/browse/HDFS-577}{HDFS-577}: Name node doesn't always properly recognize health of data node}",
}

@Misc{hdfs-585,
  title = "{\href{http://issues.apache.org/jira/browse/HDFS-585}{HDFS-585}: Datanode should serve up to visible length of a replica for read requests}",
}

@Misc{hdfs-586,
  title = "{\href{http://issues.apache.org/jira/browse/HDFS-586}{HDFS-586}: TestBlocksWithNotEnoughRacks fails}",
}

@Misc{hdfs-589,
  title = "{\href{http://issues.apache.org/jira/browse/HDFS-589}{HDFS-589}: Change block write protocol to support pipeline recovery}",
}

@Misc{hdfs-591,
  title = "{\href{http://issues.apache.org/jira/browse/HDFS-591}{HDFS-591}: Namenode should mark the replica as corrupted if a DN has reported different length of a Complete block}",
}

@Misc{hdfs-592,
  title = "{\href{http://issues.apache.org/jira/browse/HDFS-592}{HDFS-592}: Allow client to get a new generation stamp from NameNode}",
}

@Misc{hdfs-599,
  title = "{\href{http://issues.apache.org/jira/browse/HDFS-599}{HDFS-599}: Improve Namenode robustness by prioritizing datanode heartbeats over client requests}",
}

@Misc{hdfs-604,
  title = "{\href{http://issues.apache.org/jira/browse/HDFS-604}{HDFS-604}: Block report processing for append}",
}

@Misc{hdfs-606,
  title = "{\href{http://issues.apache.org/jira/browse/HDFS-606}{HDFS-606}: ConcurrentModificationException in invalidateCorruptReplicas()}",
}

@Misc{hdfs-609,
  title = "{\href{http://issues.apache.org/jira/browse/HDFS-609}{HDFS-609}: Create a file with the append flag does not work in HDFS}",
}

@Misc{hdfs-611,
  title = "{\href{http://issues.apache.org/jira/browse/HDFS-611}{HDFS-611}: Heartbeats times from Datanodes increase when there are plenty of blocks to delete}",
}

@Misc{hdfs-619,
  title = "{\href{http://issues.apache.org/jira/browse/HDFS-619}{HDFS-619}: Support replica recovery initialization in datanode}",
}

@Misc{hdfs-622,
  title = "{\href{http://issues.apache.org/jira/browse/HDFS-622}{HDFS-622}: checkMinReplication should count only live node}",
}

@Misc{hdfs-624,
  title = "{\href{http://issues.apache.org/jira/browse/HDFS-624}{HDFS-624}: Client support pipeline recovery}",
}

@Misc{hdfs-627,
  title = "{\href{http://issues.apache.org/jira/browse/HDFS-627}{HDFS-627}: Support replica update in datanode}",
}

@Misc{hdfs-630,
  title = "{\href{http://issues.apache.org/jira/browse/HDFS-630}{HDFS-630}: In DFSOutputStream.nextBlockOutputStream(), the client can exclude specific datanodes when locating the next block}",
}

@Misc{hdfs-637,
  title = "{\href{http://issues.apache.org/jira/browse/HDFS-637}{HDFS-637}: DataNode sends a Success ack when block write fails}",
}

@Misc{hdfs-642,
  title = "{\href{http://issues.apache.org/jira/browse/HDFS-642}{HDFS-642}: Support pipeline close and close recovery}",
}

@Misc{hdfs-644,
  title = "{\href{http://issues.apache.org/jira/browse/HDFS-644}{HDFS-644}: Lease recovery, concurrency support}",
}

@Misc{hdfs-656,
  title = "{\href{http://issues.apache.org/jira/browse/HDFS-656}{HDFS-656}: Clarify error handling and retry semantics for DFS read path}",
}

@Misc{hdfs-659,
  title = "{\href{http://issues.apache.org/jira/browse/HDFS-659}{HDFS-659}: DFSClient cannot read all the available bytes}",
}

@Misc{hdfs-665,
  title = "{\href{http://issues.apache.org/jira/browse/HDFS-665}{HDFS-665}: TestFileAppend2 sometimes hangs}",
}

@Misc{hdfs-668,
  title = "{\href{http://issues.apache.org/jira/browse/HDFS-668}{HDFS-668}: TestFileAppend3\#TC7 sometimes hangs}",
}

@Misc{hdfs-673,
  title = "{\href{http://issues.apache.org/jira/browse/HDFS-673}{HDFS-673}: BlockReceiver\#PacketResponder should not remove a packet from the ack queue before its ack is sent}",
}

@Misc{hdfs-679,
  title = "{\href{http://issues.apache.org/jira/browse/HDFS-679}{HDFS-679}: Appending to a partial chunk incorrectly assumes the first packet fills up the partial chunk}",
}

@Misc{hdfs-681,
  title = "{\href{http://issues.apache.org/jira/browse/HDFS-681}{HDFS-681}: A client should not send buffered data to datanodes on close of a file if the data have already been flushed}",
}

@Misc{hdfs-686,
  title = "{\href{http://issues.apache.org/jira/browse/HDFS-686}{HDFS-686}: NullPointerException is thrown while merging edit log and image}",
}

@Misc{hdfs-694,
  title = "{\href{http://issues.apache.org/jira/browse/HDFS-694}{HDFS-694}: Add a test to make sure that node decomission does not get blocked by underreplicated blocks in an unclosed file}",
}

@Misc{hdfs-699,
  title = "{\href{http://issues.apache.org/jira/browse/HDFS-699}{HDFS-699}: Primary datanode should compare replicas' on disk lengths}",
}

@Misc{hdfs-708,
  title = "{\href{http://issues.apache.org/jira/browse/HDFS-708}{HDFS-708}: A stress-test tool for HDFS}",
}

@Misc{hdfs-720,
  title = "{\href{http://issues.apache.org/jira/browse/HDFS-720}{HDFS-720}: NPE in BlockReceiver\$PacketResponder.run(BlockReceiver.java:923)}",
}

@Misc{hdfs-723,
  title = "{\href{http://issues.apache.org/jira/browse/HDFS-723}{HDFS-723}: Deadlock in DFSClient\#DFSOutputStream}",
}

@Misc{hdfs-724,
  title = "{\href{http://issues.apache.org/jira/browse/HDFS-724}{HDFS-724}: Pipeline close hangs if one of the datanode is not responsive}",
}

@Misc{hdfs-732,
  title = "{\href{http://issues.apache.org/jira/browse/HDFS-732}{HDFS-732}: HDFS files are ending up truncated}",
}

@Misc{hdfs-742,
  title = "{\href{http://issues.apache.org/jira/browse/HDFS-742}{HDFS-742}: A down DataNode makes Balancer to hang on repeatingly asking NameNode its partial block list}",
}

@Misc{hdfs-743,
  title = "{\href{http://issues.apache.org/jira/browse/HDFS-743}{HDFS-743}: file size is fluctuating although file is closed}",
}

@Misc{hdfs-767,
  title = "{\href{http://issues.apache.org/jira/browse/HDFS-767}{HDFS-767}: Job failure due to BlockMissingException}",
}

@Misc{hdfs-779,
  title = "{\href{http://issues.apache.org/jira/browse/HDFS-779}{HDFS-779}: Automatic move to safe-mode when cluster size drops}",
}

@Misc{hdfs-782,
  title = "{\href{http://issues.apache.org/jira/browse/HDFS-782}{HDFS-782}: dynamic replication}",
}

@Misc{hdfs-788,
  title = "{\href{http://issues.apache.org/jira/browse/HDFS-788}{HDFS-788}: Datanode behaves badly when one disk is very low on space}",
}

@Misc{hdfs-793,
  title = "{\href{http://issues.apache.org/jira/browse/HDFS-793}{HDFS-793}: DataNode should first receive the whole packet ack message before it constructs and sends its own ack message for the packet}",
}

@Misc{hdfs-795,
  title = "{\href{http://issues.apache.org/jira/browse/HDFS-795}{HDFS-795}: DFS Write pipeline does not detect defective datanode correctly in some cases (HADOOP-3339)}",
}

@Misc{hdfs-796,
  title = "{\href{http://issues.apache.org/jira/browse/HDFS-796}{HDFS-796}: 4-thread Deadlock in DFS Client}",
}

@Misc{hdfs-800,
  title = "{\href{http://issues.apache.org/jira/browse/HDFS-800}{HDFS-800}: The last block of a file under construction may change to the COMPLETE state in response to getAdditionalBlock or completeFileInternal}",
}

@Misc{hdfs-804,
  title = "{\href{http://issues.apache.org/jira/browse/HDFS-804}{HDFS-804}: New unit tests for concurrent lease recovery}",
}

@Misc{hdfs-822,
  title = "{\href{http://issues.apache.org/jira/browse/HDFS-822}{HDFS-822}: Appends to already-finalized blocks can rename across volumes}",
}

@Misc{hdfs-826,
  title = "{\href{http://issues.apache.org/jira/browse/HDFS-826}{HDFS-826}: Allow a mechanism for an application to detect that datanode(s) have died in the write pipeline}",
}

@Misc{hdfs-838,
  title = "{\href{http://issues.apache.org/jira/browse/HDFS-838}{HDFS-838}: libhdfs causes a segfault due to race condition}",
}

@Misc{hdfs-841,
  title = "{\href{http://issues.apache.org/jira/browse/HDFS-841}{HDFS-841}: error while checkpointing edits log gets ignored}",
}

@Misc{hdfs-854,
  title = "{\href{http://issues.apache.org/jira/browse/HDFS-854}{HDFS-854}: Datanode should scan devices in parallel to generate block report}",
}

@Misc{hdfs-855,
  title = "{\href{http://issues.apache.org/jira/browse/HDFS-855}{HDFS-855}: namenode can save images in parallel to all directories in fs.name.dir}",
}

@Misc{hdfs-862,
  title = "{\href{http://issues.apache.org/jira/browse/HDFS-862}{HDFS-862}: Potential NN deadlock in processDistributedUpgradeCommand}",
}

@Misc{hdfs-863,
  title = "{\href{http://issues.apache.org/jira/browse/HDFS-863}{HDFS-863}: Potential deadlock in TestOverReplicatedBlocks}",
}

@Misc{hdfs-864,
  title = "{\href{http://issues.apache.org/jira/browse/HDFS-864}{HDFS-864}: Potential deadlock rolling edit logs}",
}

@Misc{hdfs-865,
  title = "{\href{http://issues.apache.org/jira/browse/HDFS-865}{HDFS-865}: Potential deadlock in HdfsConfiguration}",
}

@Misc{hdfs-871,
  title = "{\href{http://issues.apache.org/jira/browse/HDFS-871}{HDFS-871}: Balancer can hang in PendingBlockMove}",
}

@Misc{hdfs-875,
  title = "{\href{http://issues.apache.org/jira/browse/HDFS-875}{HDFS-875}: NameNode incorretly handles corrupt replicas}",
}

@Misc{hdfs-889,
  title = "{\href{http://issues.apache.org/jira/browse/HDFS-889}{HDFS-889}: Possible race condition in BlocksMap.NodeIterator}",
}

@Misc{hdfs-894,
  title = "{\href{http://issues.apache.org/jira/browse/HDFS-894}{HDFS-894}: DatanodeID.ipcPort is not updated when existing node re-registers}",
}

@Misc{hdfs-895,
  title = "{\href{http://issues.apache.org/jira/browse/HDFS-895}{HDFS-895}: Allow hflush/sync to occur in parallel with new writes to the file}",
}

@Misc{hdfs-900,
  title = "{\href{http://issues.apache.org/jira/browse/HDFS-900}{HDFS-900}: Corrupt replicas are not tracked correctly through block report from DN}",
}

@Misc{hdfs-903,
  title = "{\href{http://issues.apache.org/jira/browse/HDFS-903}{HDFS-903}: NN should verify images and edit logs on startup}",
}

@Misc{hdfs-909,
  title = "{\href{http://issues.apache.org/jira/browse/HDFS-909}{HDFS-909}: Race condition between rollEditLog or rollFSImage ant FSEditsLog.write operations corrupts edits log}",
}

@Misc{hdfs-915,
  title = "{\href{http://issues.apache.org/jira/browse/HDFS-915}{HDFS-915}: Hung DN stalls write pipeline for far longer than its timeout}",
}

@Misc{hdfs-916,
  title = "{\href{http://issues.apache.org/jira/browse/HDFS-916}{HDFS-916}: Rewrite DFSOutputStream to use a single thread with NIO}",
}

@Misc{hdfs-917,
  title = "{\href{http://issues.apache.org/jira/browse/HDFS-917}{HDFS-917}: Write pipeline heartbeat interval should be determined by client timeout, not DN}",
}

@Misc{hdfs-918,
  title = "{\href{http://issues.apache.org/jira/browse/HDFS-918}{HDFS-918}: Use single Selector and small thread pool to replace many instances of BlockSender for reads}",
}

@Misc{hdfs-925,
  title = "{\href{http://issues.apache.org/jira/browse/HDFS-925}{HDFS-925}: Make it harder to accidentally close a shared DFSClient}",
}

@Misc{hdfs-951,
  title = "{\href{http://issues.apache.org/jira/browse/HDFS-951}{HDFS-951}: DFSClient should handle all nodes in a pipeline failed}",
}

@Misc{hdfs-955,
  title = "{\href{http://issues.apache.org/jira/browse/HDFS-955}{HDFS-955}: FSImage.saveFSImage can lose edits}",
}

@Misc{hdfs-956,
  title = "{\href{http://issues.apache.org/jira/browse/HDFS-956}{HDFS-956}: Improper synchronization in some FSNamesystem methods}",
}

@Misc{hdfs-957,
  title = "{\href{http://issues.apache.org/jira/browse/HDFS-957}{HDFS-957}: FSImage layout version should be only once file is complete}",
}

@Misc{hdfs-966,
  title = "{\href{http://issues.apache.org/jira/browse/HDFS-966}{HDFS-966}: NameNode recovers lease even in safemode}",
}

@Misc{hdfs-970,
  title = "{\href{http://issues.apache.org/jira/browse/HDFS-970}{HDFS-970}: FSImage writing should always fsync before close}",
}

@Misc{hdfs-976,
  title = "{\href{http://issues.apache.org/jira/browse/HDFS-976}{HDFS-976}: Hot Standby for NameNode}",
}

@Misc{hdfs-978,
  title = "{\href{http://issues.apache.org/jira/browse/HDFS-978}{HDFS-978}: Record every new block allocation of a file into the transaction log}",
}

@Misc{hdfs-988,
  title = "{\href{http://issues.apache.org/jira/browse/HDFS-988}{HDFS-988}: saveNamespace can corrupt edits log}",
}

@Misc{hdfs-1001,
  title = "{\href{http://issues.apache.org/jira/browse/HDFS-1001}{HDFS-1001}: DataXceiver and BlockReader disagree on when to send/recv CHECKSUM_OK}",
}

@Misc{hdfs-1024,
  title = "{\href{http://issues.apache.org/jira/browse/HDFS-1024}{HDFS-1024}: SecondaryNamenode fails to checkpoint because namenode fails with CancelledKeyException}",
}

@Misc{hdfs-1029,
  title = "{\href{http://issues.apache.org/jira/browse/HDFS-1029}{HDFS-1029}: Image corrupt with number of files = 1}",
}

@Misc{hdfs-1032,
  title = "{\href{http://issues.apache.org/jira/browse/HDFS-1032}{HDFS-1032}: Extend DFSck with an option to list corrupt files using API from HDFS-729}",
}

@Misc{hdfs-1034,
  title = "{\href{http://issues.apache.org/jira/browse/HDFS-1034}{HDFS-1034}: Enhance datanode to read data and checksum file in parallel}",
}

@Misc{hdfs-1041,
  title = "{\href{http://issues.apache.org/jira/browse/HDFS-1041}{HDFS-1041}: DFSClient does not retry in getFileChecksum(..)}",
}

@Misc{hdfs-1051,
  title = "{\href{http://issues.apache.org/jira/browse/HDFS-1051}{HDFS-1051}: Umbrella Jira for Scaling the HDFS Name Service}",
}

@Misc{hdfs-1052,
  title = "{\href{http://issues.apache.org/jira/browse/HDFS-1052}{HDFS-1052}: HDFS scalability with multiple namenodes}",
}

@Misc{hdfs-1054,
  title = "{\href{http://issues.apache.org/jira/browse/HDFS-1054}{HDFS-1054}: Remove unnecessary sleep after failure in nextBlockOutputStream}",
}

@Misc{hdfs-1056,
  title = "{\href{http://issues.apache.org/jira/browse/HDFS-1056}{HDFS-1056}: Multi-node RPC deadlocks during block recovery}",
}

@Misc{hdfs-1057,
  title = "{\href{http://issues.apache.org/jira/browse/HDFS-1057}{HDFS-1057}: Concurrent readers hit ChecksumExceptions if following a writer to very end of file}",
}

@Misc{hdfs-1058,
  title = "{\href{http://issues.apache.org/jira/browse/HDFS-1058}{HDFS-1058}: reading from file under construction fails if it reader beats writer to DN for new block}",
}

@Misc{hdfs-1059,
  title = "{\href{http://issues.apache.org/jira/browse/HDFS-1059}{HDFS-1059}: completeFile loops forever if the block's only replica has become corrupt}",
}

@Misc{hdfs-1064,
  title = "{\href{http://issues.apache.org/jira/browse/HDFS-1064}{HDFS-1064}: NN Availability - umbrella Jira}",
}

@Misc{hdfs-1065,
  title = "{\href{http://issues.apache.org/jira/browse/HDFS-1065}{HDFS-1065}: Secondary Namenode fails to fetch image and edits files}",
}

@Misc{hdfs-1071,
  title = "{\href{http://issues.apache.org/jira/browse/HDFS-1071}{HDFS-1071}: savenamespace should write the fsimage to all configured fs.name.dir in parallel}",
}

@Misc{hdfs-1072,
  title = "{\href{http://issues.apache.org/jira/browse/HDFS-1072}{HDFS-1072}: AlreadyBeingCreatedException with HDFS_NameNode as the lease holder}",
}

@Misc{hdfs-1073,
  title = "{\href{http://issues.apache.org/jira/browse/HDFS-1073}{HDFS-1073}: 1073: Handle case where an entirely empty log is left during NN crash}",
}

@Misc{hdfs-1075,
  title = "{\href{http://issues.apache.org/jira/browse/HDFS-1075}{HDFS-1075}: Separately configure connect timeouts from read timeouts in data path}",
}

@Misc{hdfs-1094,
  title = "{\href{http://issues.apache.org/jira/browse/HDFS-1094}{HDFS-1094}: Intelligent block placement policy to decrease probability of block loss}",
}

@Misc{hdfs-1103,
  title = "{\href{http://issues.apache.org/jira/browse/HDFS-1103}{HDFS-1103}: Replica recovery doesn't distinguish between flushed-but-corrupted last chunk and unflushed last chunk}",
}

@Misc{hdfs-1108,
  title = "{\href{http://issues.apache.org/jira/browse/HDFS-1108}{HDFS-1108}: ability to create a file whose newly allocated blocks are automatically persisted immediately}",
}

@Misc{hdfs-1137,
  title = "{\href{http://issues.apache.org/jira/browse/HDFS-1137}{HDFS-1137}: Name node is using the write-ahead log improperly}",
}

@Misc{hdfs-1141,
  title = "{\href{http://issues.apache.org/jira/browse/HDFS-1141}{HDFS-1141}: completeFile does not check lease ownership}",
}

@Misc{hdfs-1142,
  title = "{\href{http://issues.apache.org/jira/browse/HDFS-1142}{HDFS-1142}: Lease recovery doesn't reassign lease when triggered by append()}",
}

@Misc{hdfs-1147,
  title = "{\href{http://issues.apache.org/jira/browse/HDFS-1147}{HDFS-1147}: Reduce NN startup time by reducing the processing time of block reports}",
}

@Misc{hdfs-1149,
  title = "{\href{http://issues.apache.org/jira/browse/HDFS-1149}{HDFS-1149}: Lease reassignment is not persisted to edit log}",
}

@Misc{hdfs-1152,
  title = "{\href{http://issues.apache.org/jira/browse/HDFS-1152}{HDFS-1152}: appendFile does not recheck lease in second synchronized block}",
}

@Misc{hdfs-1162,
  title = "{\href{http://issues.apache.org/jira/browse/HDFS-1162}{HDFS-1162}: Reduce the time required for a checkpoint}",
}

@Misc{hdfs-1168,
  title = "{\href{http://issues.apache.org/jira/browse/HDFS-1168}{HDFS-1168}: Ghost nodes in excluded node list for block allocation limit replication target count}",
}

@Misc{hdfs-1172,
  title = "{\href{http://issues.apache.org/jira/browse/HDFS-1172}{HDFS-1172}: Blocks in newly completed files are considered under-replicated too quickly}",
}

@Misc{hdfs-1186,
  title = "{\href{http://issues.apache.org/jira/browse/HDFS-1186}{HDFS-1186}: 0.20: DNs should interrupt writers at start of recovery}",
}

@Misc{hdfs-1195,
  title = "{\href{http://issues.apache.org/jira/browse/HDFS-1195}{HDFS-1195}: Offer rate limits for replicating data}",
}

@Misc{hdfs-1197,
  title = "{\href{http://issues.apache.org/jira/browse/HDFS-1197}{HDFS-1197}: Blocks are considered "complete" prematurely after commitBlockSynchronization or DN restart}",
}

@Misc{hdfs-1203,
  title = "{\href{http://issues.apache.org/jira/browse/HDFS-1203}{HDFS-1203}: DataNode should sleep before reentering service loop after an exception}",
}

@Misc{hdfs-1204,
  title = "{\href{http://issues.apache.org/jira/browse/HDFS-1204}{HDFS-1204}: 0.20: Lease expiration should recover single files, not entire lease holder}",
}

@Misc{hdfs-1219,
  title = "{\href{http://issues.apache.org/jira/browse/HDFS-1219}{HDFS-1219}: Data Loss due to edits log truncation}",
}

@Misc{hdfs-1220,
  title = "{\href{http://issues.apache.org/jira/browse/HDFS-1220}{HDFS-1220}: Namenode unable to start due to truncated fstime}",
}

@Misc{hdfs-1221,
  title = "{\href{http://issues.apache.org/jira/browse/HDFS-1221}{HDFS-1221}: NameNode unable to start due to stale edits log after a crash}",
}

@Misc{hdfs-1222,
  title = "{\href{http://issues.apache.org/jira/browse/HDFS-1222}{HDFS-1222}: NameNode fail stop in spite of multiple metadata directories}",
}

@Misc{hdfs-1223,
  title = "{\href{http://issues.apache.org/jira/browse/HDFS-1223}{HDFS-1223}: DataNode fails stop due to a bad disk (or storage directory)}",
}

@Misc{hdfs-1224,
  title = "{\href{http://issues.apache.org/jira/browse/HDFS-1224}{HDFS-1224}: Stale connection makes node miss append}",
}

@Misc{hdfs-1225,
  title = "{\href{http://issues.apache.org/jira/browse/HDFS-1225}{HDFS-1225}: Block lost when primary crashes in recoverBlock}",
}

@Misc{hdfs-1226,
  title = "{\href{http://issues.apache.org/jira/browse/HDFS-1226}{HDFS-1226}: Last block is temporary unavailable for readers because of crashed appender}",
}

@Misc{hdfs-1227,
  title = "{\href{http://issues.apache.org/jira/browse/HDFS-1227}{HDFS-1227}: UpdateBlock fails due to unmatched file length}",
}

@Misc{hdfs-1228,
  title = "{\href{http://issues.apache.org/jira/browse/HDFS-1228}{HDFS-1228}: CRC does not match when retrying appending a partial block}",
}

@Misc{hdfs-1229,
  title = "{\href{http://issues.apache.org/jira/browse/HDFS-1229}{HDFS-1229}: DFSClient incorrectly asks for new block if primary crashes during first recoverBlock}",
}

@Misc{hdfs-1231,
  title = "{\href{http://issues.apache.org/jira/browse/HDFS-1231}{HDFS-1231}: Generation Stamp mismatches, leading to failed append}",
}

@Misc{hdfs-1232,
  title = "{\href{http://issues.apache.org/jira/browse/HDFS-1232}{HDFS-1232}: Corrupted block if a crash happens before writing to checksumOut but after writing to dataOut}",
}

@Misc{hdfs-1233,
  title = "{\href{http://issues.apache.org/jira/browse/HDFS-1233}{HDFS-1233}: Bad retry logic at DFSClient}",
}

@Misc{hdfs-1234,
  title = "{\href{http://issues.apache.org/jira/browse/HDFS-1234}{HDFS-1234}: Datanode 'alive' but with its disk failed, Namenode thinks it's alive}",
}

@Misc{hdfs-1235,
  title = "{\href{http://issues.apache.org/jira/browse/HDFS-1235}{HDFS-1235}: Namenode returning the same Datanode to client, due to infrequent heartbeat}",
}

@Misc{hdfs-1236,
  title = "{\href{http://issues.apache.org/jira/browse/HDFS-1236}{HDFS-1236}: Client uselessly retries recoverBlock 5 times}",
}

@Misc{hdfs-1237,
  title = "{\href{http://issues.apache.org/jira/browse/HDFS-1237}{HDFS-1237}: Client logic for 1st phase and 2nd phase failover are different}",
}

@Misc{hdfs-1238,
  title = "{\href{http://issues.apache.org/jira/browse/HDFS-1238}{HDFS-1238}: A block is stuck in ongoingRecovery due to exception not propagated}",
}

@Misc{hdfs-1239,
  title = "{\href{http://issues.apache.org/jira/browse/HDFS-1239}{HDFS-1239}: All datanodes are bad in 2nd phase}",
}

@Misc{hdfs-1241,
  title = "{\href{http://issues.apache.org/jira/browse/HDFS-1241}{HDFS-1241}: Possible deadlock between LeaseManager and FSDirectory}",
}

@Misc{hdfs-1250,
  title = "{\href{http://issues.apache.org/jira/browse/HDFS-1250}{HDFS-1250}: Namenode accepts block report from dead datanodes}",
}

@Misc{hdfs-1252,
  title = "{\href{http://issues.apache.org/jira/browse/HDFS-1252}{HDFS-1252}: TestDFSConcurrentFileOperations broken in 0.20-appendj}",
}

@Misc{hdfs-1257,
  title = "{\href{http://issues.apache.org/jira/browse/HDFS-1257}{HDFS-1257}: Race condition introduced by HADOOP-5124}",
}

@Misc{hdfs-1258,
  title = "{\href{http://issues.apache.org/jira/browse/HDFS-1258}{HDFS-1258}: Clearing namespace quota on "/" corrupts FS image}",
}

@Misc{hdfs-1260,
  title = "{\href{http://issues.apache.org/jira/browse/HDFS-1260}{HDFS-1260}: 0.20: Block lost when multiple DNs trying to recover it to different genstamps}",
}

@Misc{hdfs-1262,
  title = "{\href{http://issues.apache.org/jira/browse/HDFS-1262}{HDFS-1262}: Failed pipeline creation during append leaves lease hanging on NN}",
}

@Misc{hdfs-1263,
  title = "{\href{http://issues.apache.org/jira/browse/HDFS-1263}{HDFS-1263}: 0.20: in tryUpdateBlock, the meta file is renamed away before genstamp validation is done}",
}

@Misc{hdfs-1264,
  title = "{\href{http://issues.apache.org/jira/browse/HDFS-1264}{HDFS-1264}: 0.20: OOME in HDFS client made an unrecoverable HDFS block}",
}

@Misc{hdfs-1271,
  title = "{\href{http://issues.apache.org/jira/browse/HDFS-1271}{HDFS-1271}: Decommissioning nodes not persisted between NameNode restarts}",
}

@Misc{hdfs-1273,
  title = "{\href{http://issues.apache.org/jira/browse/HDFS-1273}{HDFS-1273}: Handle disk failure when writing new blocks on datanode}",
}

@Misc{hdfs-1274,
  title = "{\href{http://issues.apache.org/jira/browse/HDFS-1274}{HDFS-1274}: ability to send replication traffic on a separate port to the Datanode}",
}

@Misc{hdfs-1280,
  title = "{\href{http://issues.apache.org/jira/browse/HDFS-1280}{HDFS-1280}: SocketTimeoutException during HDFS Block report generation}",
}

@Misc{hdfs-1282,
  title = "{\href{http://issues.apache.org/jira/browse/HDFS-1282}{HDFS-1282}: namenode should reject datanodes which send impossible block reports}",
}

@Misc{hdfs-1295,
  title = "{\href{http://issues.apache.org/jira/browse/HDFS-1295}{HDFS-1295}: Improve namenode restart times by short-circuiting the first block reports from datanodes}",
}

@Misc{hdfs-1309,
  title = "{\href{http://issues.apache.org/jira/browse/HDFS-1309}{HDFS-1309}: FileSystem.rename will fail silently}",
}

@Misc{hdfs-1336,
  title = "{\href{http://issues.apache.org/jira/browse/HDFS-1336}{HDFS-1336}: TruncateBlock does not update in-memory information correctly}",
}

@Misc{hdfs-1337,
  title = "{\href{http://issues.apache.org/jira/browse/HDFS-1337}{HDFS-1337}: Unmatched file length makes append fail. Should we retry if a startBlockRecovery() fails?}",
}

@Misc{hdfs-1380,
  title = "{\href{http://issues.apache.org/jira/browse/HDFS-1380}{HDFS-1380}: The append pipeline does not followed TSP principal}",
}

@Misc{hdfs-1382,
  title = "{\href{http://issues.apache.org/jira/browse/HDFS-1382}{HDFS-1382}: A transient failure with edits log and a corrupted fstime together could lead to a data loss}",
}

@Misc{hdfs-1384,
  title = "{\href{http://issues.apache.org/jira/browse/HDFS-1384}{HDFS-1384}: NameNode should give client the first node in the pipeline from different rack other than that of excludedNodes list in the same rack.}",
}

@Misc{hdfs-1490,
  title = "{\href{http://issues.apache.org/jira/browse/HDFS-1490}{HDFS-1490}: TransferFSImage should timeout}",
}

@Misc{hdfs-1595,
  title = "{\href{http://issues.apache.org/jira/browse/HDFS-1595}{HDFS-1595}: DFSClient may incorrectly detect datanode failure}",
}

@Misc{hdfs-1623,
  title = "{\href{http://issues.apache.org/jira/browse/HDFS-1623}{HDFS-1623}: HA: Namenode not shutting down when shared edits dir is inaccessible}",
}

@Misc{hdfs-1779,
  title = "{\href{http://issues.apache.org/jira/browse/HDFS-1779}{HDFS-1779}: After NameNode restart , Clients can not read partial files even after client invokes Sync.}",
}

@Misc{hdfs-1981,
  title = "{\href{http://issues.apache.org/jira/browse/HDFS-1981}{HDFS-1981}: When namenode goes down while checkpointing and if is started again subsequent Checkpointing is always failing}",
}

@Misc{hdfs-2064,
  title = "{\href{http://issues.apache.org/jira/browse/HDFS-2064}{HDFS-2064}: Warm HA NameNode going Hot}",
}

@Misc{hdfs-2124,
  title = "{\href{http://issues.apache.org/jira/browse/HDFS-2124}{HDFS-2124}: Namenode HA using Backup Namenode as Hot Standby}",
}

@Misc{hdfs-2126,
  title = "{\href{http://issues.apache.org/jira/browse/HDFS-2126}{HDFS-2126}: Not marking datanodes dead When namenode in safemode}",
}

@Misc{hdfs-2452,
  title = "{\href{http://issues.apache.org/jira/browse/HDFS-2452}{HDFS-2452}: OutOfMemoryError in DataXceiverServer takes down the DataNode}",
}

@Misc{hdfs-2476,
  title = "{\href{http://issues.apache.org/jira/browse/HDFS-2476}{HDFS-2476}: More CPU efficient data structure for under-replicated/over-replicated/invalidate blocks}",
}

@Misc{hdfs-2815,
  title = "{\href{http://issues.apache.org/jira/browse/HDFS-2815}{HDFS-2815}: Namenode is not coming out of safemode when we perform ( NN crash + restart ) . Also FSCK report shows blocks missed.}",
}

@Misc{hdfs-3032,
  title = "{\href{http://issues.apache.org/jira/browse/HDFS-3032}{HDFS-3032}: Lease renewer tries forever even if renewal is not possible}",
}

@Misc{hdfs-3166,
  title = "{\href{http://issues.apache.org/jira/browse/HDFS-3166}{HDFS-3166}: Hftp connections do not have a timeout}",
}

@Misc{hdfs-3368,
  title = "{\href{http://issues.apache.org/jira/browse/HDFS-3368}{HDFS-3368}: Missing blocks due to bad DataNodes coming up and down.}",
}

@Misc{hdfs-3399,
  title = "{\href{http://issues.apache.org/jira/browse/HDFS-3399}{HDFS-3399}: BKJM:Switch from standby to active fails and NN gets shut down due to delay in clearing of lock}",
}

@Misc{hdfs-3485,
  title = "{\href{http://issues.apache.org/jira/browse/HDFS-3485}{HDFS-3485}: DataTransferThrottler will over-throttle when currentTimeMillis jumps}",
}

@Misc{hdfs-3703,
  title = "{\href{http://issues.apache.org/jira/browse/HDFS-3703}{HDFS-3703}: Decrease the datanode failure detection time}",
}

@Misc{hdfs-3751,
  title = "{\href{http://issues.apache.org/jira/browse/HDFS-3751}{HDFS-3751}: DN should log warnings for lengthy disk IOs}",
}

@Misc{hdfs-3922,
  title = "{\href{http://issues.apache.org/jira/browse/HDFS-3922}{HDFS-3922}: 0.22 and 0.23 namenode throws away blocks under construction on restart}",
}

@Misc{mapreduce-,
  title = "{\href{http://issues.apache.org/jira/browse/MAPREDUCE-}{MapReduce-}: }",
}

@Misc{mapreduce-896,
  title = "{\href{http://issues.apache.org/jira/browse/MAPREDUCE-896}{MapReduce-896}: Users can set non-writable permissions on temporary files for TT and can abuse disk usage.}",
}

@Misc{mapreduce-913,
  title = "{\href{http://issues.apache.org/jira/browse/MAPREDUCE-913}{MapReduce-913}: TaskRunner crashes with NPE resulting in held up slots, UNINITIALIZED tasks and hung TaskTracker}",
}

@Misc{mapreduce-1030,
  title = "{\href{http://issues.apache.org/jira/browse/MAPREDUCE-1030}{MapReduce-1030}: Reduce tasks are getting starved in capacity scheduler}",
}

@Misc{mapreduce-1100,
  title = "{\href{http://issues.apache.org/jira/browse/MAPREDUCE-1100}{MapReduce-1100}: User's task-logs filling up local disks on the TaskTrackers}",
}

@Misc{mapreduce-1213,
  title = "{\href{http://issues.apache.org/jira/browse/MAPREDUCE-1213}{MapReduce-1213}: TaskTrackers restart is very slow because it deletes distributed cache directory synchronously}",
}

@Misc{mapreduce-1398,
  title = "{\href{http://issues.apache.org/jira/browse/MAPREDUCE-1398}{MapReduce-1398}: TaskLauncher remains stuck on tasks waiting for free nodes even if task is killed.}",
}

@Misc{mapreduce-1868,
  title = "{\href{http://issues.apache.org/jira/browse/MAPREDUCE-1868}{MapReduce-1868}: Add read timeout on userlog pull}",
}

@Misc{mapreduce-2129,
  title = "{\href{http://issues.apache.org/jira/browse/MAPREDUCE-2129}{MapReduce-2129}: Job may hang if mapreduce.job.committer.setup.cleanup.needed=false and mapreduce.map/reduce.failures.maxpercent>0}",
}

@Misc{mapreduce-2157,
  title = "{\href{http://issues.apache.org/jira/browse/MAPREDUCE-2157}{MapReduce-2157}: safely handle InterruptedException and interrupted status in MR code}",
}

@Misc{mapreduce-2324,
  title = "{\href{http://issues.apache.org/jira/browse/MAPREDUCE-2324}{MapReduce-2324}: Job should fail if a reduce task can't be scheduled anywhere}",
}

@Misc{mapreduce-2572,
  title = "{\href{http://issues.apache.org/jira/browse/MAPREDUCE-2572}{MapReduce-2572}: Throttle the deletion of data from the distributed cache}",
}

@Misc{mapreduce-2657,
  title = "{\href{http://issues.apache.org/jira/browse/MAPREDUCE-2657}{MapReduce-2657}: Map Reduce Tasks are continously failing, when one among the several harddisks available on the TaskTracker fails.}",
}

@Misc{mapreduce-2995,
  title = "{\href{http://issues.apache.org/jira/browse/MAPREDUCE-2995}{MapReduce-2995}: MR AM crashes when a container-launch hangs on a faulty NM}",
}

@Misc{mapreduce-3070,
  title = "{\href{http://issues.apache.org/jira/browse/MAPREDUCE-3070}{MapReduce-3070}: NM not able to register with RM after NM restart}",
}

@Misc{mapreduce-3126,
  title = "{\href{http://issues.apache.org/jira/browse/MAPREDUCE-3126}{MapReduce-3126}: mr job stuck because reducers using all slots and mapper isn't scheduled}",
}

@Misc{mapreduce-3233,
  title = "{\href{http://issues.apache.org/jira/browse/MAPREDUCE-3233}{MapReduce-3233}: AM fails to restart when first AM is killed}",
}

@Misc{mapreduce-3250,
  title = "{\href{http://issues.apache.org/jira/browse/MAPREDUCE-3250}{MapReduce-3250}: When AM restarts, client keeps reconnecting to the new AM and prints a lots of logs.}",
}

@Misc{mapreduce-3339,
  title = "{\href{http://issues.apache.org/jira/browse/MAPREDUCE-3339}{MapReduce-3339}: Job is getting hanged indefinitely,if the child processes are killed on the NM. KILL_CONTAINER eventtype is continuosly sent to the containers that are not existing}",
}

@Misc{mapreduce-3837,
  title = "{\href{http://issues.apache.org/jira/browse/MAPREDUCE-3837}{MapReduce-3837}: Job tracker is not able to recover job in case of crash and after that no user can submit job.}",
}

@Misc{mapreduce-3846,
  title = "{\href{http://issues.apache.org/jira/browse/MAPREDUCE-3846}{MapReduce-3846}: Restarted+Recovered AM hangs in some corner cases}",
}

@Misc{mapreduce-4013,
  title = "{\href{http://issues.apache.org/jira/browse/MAPREDUCE-4013}{MapReduce-4013}: Reduce task gets stuck when a M/R job is configured to tolerate failures}",
}

@Misc{mapreduce-4074,
  title = "{\href{http://issues.apache.org/jira/browse/MAPREDUCE-4074}{MapReduce-4074}: Client continuously retries to RM When RM goes down before launching Application Master}",
}

@Misc{mapreduce-4152,
  title = "{\href{http://issues.apache.org/jira/browse/MAPREDUCE-4152}{MapReduce-4152}: map task left hanging after AM dies trying to connect to RM}",
}

@Misc{mapreduce-4302,
  title = "{\href{http://issues.apache.org/jira/browse/MAPREDUCE-4302}{MapReduce-4302}: NM goes down if error encountered during log aggregation}",
}

@Misc{mapreduce-4469,
  title = "{\href{http://issues.apache.org/jira/browse/MAPREDUCE-4469}{MapReduce-4469}: Resource calculation in child tasks is CPU-heavy}",
}

@Misc{zookeeper-126,
  title = "{\href{http://issues.apache.org/jira/browse/ZOOKEEPER-126}{ZooKeeper-126}: zookeeper client close operation may block indefinitely}",
}

@Misc{zookeeper-335,
  title = "{\href{http://issues.apache.org/jira/browse/ZOOKEEPER-335}{ZooKeeper-335}: zookeeper servers should commit the new leader txn to their logs.}",
}

@Misc{zookeeper-475,
  title = "{\href{http://issues.apache.org/jira/browse/ZOOKEEPER-475}{ZooKeeper-475}: FLENewEpochTest failed on nightly builds}",
}

@Misc{zookeeper-479,
  title = "{\href{http://issues.apache.org/jira/browse/ZOOKEEPER-479}{ZooKeeper-479}: QuorumHierarchical does not count groups correctly}",
}

@Misc{zookeeper-480,
  title = "{\href{http://issues.apache.org/jira/browse/ZOOKEEPER-480}{ZooKeeper-480}: FLE should perform leader check when node is not leading and add vote of follower}",
}

@Misc{zookeeper-481,
  title = "{\href{http://issues.apache.org/jira/browse/ZOOKEEPER-481}{ZooKeeper-481}: Add lastMessageSent to QuorumCnxManager}",
}

@Misc{zookeeper-512,
  title = "{\href{http://issues.apache.org/jira/browse/ZOOKEEPER-512}{ZooKeeper-512}: FLE election fails to elect leader}",
}

@Misc{zookeeper-562,
  title = "{\href{http://issues.apache.org/jira/browse/ZOOKEEPER-562}{ZooKeeper-562}: c client can flood server with pings if tcp send queue filled}",
}

@Misc{zookeeper-642,
  title = "{\href{http://issues.apache.org/jira/browse/ZOOKEEPER-642}{ZooKeeper-642}: "exceeded deadline by N ms" floods logs}",
}

@Misc{zookeeper-790,
  title = "{\href{http://issues.apache.org/jira/browse/ZOOKEEPER-790}{ZooKeeper-790}: Last processed zxid set prematurely while establishing leadership}",
}

@Misc{zookeeper-822,
  title = "{\href{http://issues.apache.org/jira/browse/ZOOKEEPER-822}{ZooKeeper-822}: Leader election taking a long time to complete}",
}

@Misc{zookeeper-831,
  title = "{\href{http://issues.apache.org/jira/browse/ZOOKEEPER-831}{ZooKeeper-831}: BookKeeper: Throttling improved for reads}",
}

@Misc{zookeeper-880,
  title = "{\href{http://issues.apache.org/jira/browse/ZOOKEEPER-880}{ZooKeeper-880}: QuorumCnxManager SendWorker grows without bounds}",
}

@Misc{zookeeper-893,
  title = "{\href{http://issues.apache.org/jira/browse/ZOOKEEPER-893}{ZooKeeper-893}: ZooKeeper high cpu usage when invalid requests}",
}

@Misc{zookeeper-962,
  title = "{\href{http://issues.apache.org/jira/browse/ZOOKEEPER-962}{ZooKeeper-962}: leader/follower coherence issue when follower is receiving a DIFF}",
}

@Misc{zookeeper-975,
  title = "{\href{http://issues.apache.org/jira/browse/ZOOKEEPER-975}{ZooKeeper-975}: new peer goes in LEADING state even if ensemble is online}",
}

@Misc{zookeeper-1026,
  title = "{\href{http://issues.apache.org/jira/browse/ZOOKEEPER-1026}{ZooKeeper-1026}: Sequence number assignment decreases after old node rejoins cluster}",
}

@Misc{zookeeper-1043,
  title = "{\href{http://issues.apache.org/jira/browse/ZOOKEEPER-1043}{ZooKeeper-1043}: Looped NPE at org.apache.zookeeper.server.NIOServerCnxn\$Factory.run(NIOServerCnxn.java:244)}",
}

@Misc{zookeeper-1049,
  title = "{\href{http://issues.apache.org/jira/browse/ZOOKEEPER-1049}{ZooKeeper-1049}: Session expire/close flooding renders heartbeats to delay significantly}",
}

@Misc{zookeeper-1075,
  title = "{\href{http://issues.apache.org/jira/browse/ZOOKEEPER-1075}{ZooKeeper-1075}: Zookeeper Server cannot join an existing ensemble if the existing ensemble doesn't already have a quorum (FALSE BUG)}",
}

@Misc{zookeeper-1109,
  title = "{\href{http://issues.apache.org/jira/browse/ZOOKEEPER-1109}{ZooKeeper-1109}: Zookeeper service is down when SyncRequestProcessor meets any exception.}",
}

@Misc{zookeeper-1118,
  title = "{\href{http://issues.apache.org/jira/browse/ZOOKEEPER-1118}{ZooKeeper-1118}: Inconsistent data after server crashes several times}",
}

@Misc{zookeeper-1311,
  title = "{\href{http://issues.apache.org/jira/browse/ZOOKEEPER-1311}{ZooKeeper-1311}: ZooKeeperWrapper: Failed to set watcher on ZNode /hbase/master}",
}

@Misc{zookeeper-1319,
  title = "{\href{http://issues.apache.org/jira/browse/ZOOKEEPER-1319}{ZooKeeper-1319}: Missing data after restarting+expanding a cluster}",
}

@Misc{zookeeper-1351,
  title = "{\href{http://issues.apache.org/jira/browse/ZOOKEEPER-1351}{ZooKeeper-1351}: need to be able to rolling restart hbase}",
}

@Misc{zookeeper-1362,
  title = "{\href{http://issues.apache.org/jira/browse/ZOOKEEPER-1362}{ZooKeeper-1362}: .META. may not come back if regionserver crashes}",
}

@Misc{zookeeper-1367,
  title = "{\href{http://issues.apache.org/jira/browse/ZOOKEEPER-1367}{ZooKeeper-1367}: Data inconsistencies and unexpired ephemeral nodes after cluster restart}",
}

@Misc{zookeeper-1437,
  title = "{\href{http://issues.apache.org/jira/browse/ZOOKEEPER-1437}{ZooKeeper-1437}: Client uses session before SASL authentication complete}",
}

@Misc{zookeeper-1447,
  title = "{\href{http://issues.apache.org/jira/browse/ZOOKEEPER-1447}{ZooKeeper-1447}: Per-connection network throttling to improve QoS}",
}

