
% =====================================================================
%
% All "-Short" (that uses "et al.") from all.bib/personal.bib should be here
%
% This file should be treated as a custom replica of an original reference
%
% This file is not searchable from  ~/bin/bib
%
% =====================================================================


