

%
% PLEASE PUT THE MOST RECENT GROUP PUBLICATIONS AT THE TOP
% 

%
% PLEASE PUT NEW "PERSONAL COMMUNICATIONS" AT THE VERY END 
% LAST LINE == newest personal communication
% 



@InProceedings{Leesatapornwongsa+16-SCk,
  author = {Tanakorn Leesatapornwongsa and Cesar Stuardo and Huan Ke and Jeffrey F. Lukman and Riza O. Suminto and Daniar H. Kurniawan and Haryadi S. Gunawi},
  title = "{Scale-Checking Distributed Systems and Debugging Large-Scale Bugs on Just One Machine}",
  booktitle = "SUBMISSION to the Proceedings of the 12th Symposium on Operating
                  Systems Design and Implementation (OSDI)",
  year = "2016",
}


%   howpublished = "University of Chicago Technical Report TR-2016-03",
@InProceedings{Gunawi+16-COS, 
    author = {Haryadi S. Gunawi and Mingzhe Hao and Riza O. Suminto and Agung Laksono and Anang D. Satria and Jeffry Adityatama and Kurnia J. Eliazar},
     title = "{Why Does the Cloud Stop Computing? Lessons from Hundreds of Service Outages}",
  crossref = {SOCC16},
}

@InProceedings{Patana-anake+16-Shelter-InSubm, 
    author = {Tiratat Patana-anake and Nora Sandler and Vincentius Martin and Haryadi S. Gunawi},
     title = "{I/O Sheltering: Improving Multi-Tenant Storage Performance with Minilogs}",
  booktitle = {Submission},
}

@InProceedings{Hao+16-TailAtStore,
    author = {Mingzhe Hao and Gokul Soundararajan and Deepak Kenchammana-Hosekote and Andrew A. Chien and Haryadi S. Gunawi},
     title = "{The Tail at Store: A Revelation from Millions of Hours of Disk and SSD Deployments}",
  crossref = {FAST16},
}

@InProceedings{Do+15-LimplockTOCS-InSubm,
  author = {Thanh Do and Vincentius Martin and Achmad Imam Kistijantoro and Mingzhe Hao and Tanakorn Leesatapornwongsa and Tiratat Patana-anake and Linda Xu and Haryadi S. Gunawi},
  title = "{Limplock-Prone Designs in Scale-Out Cloud Systems}",
  booktitle = "Submission to the ACM Transactions on Computing Systems (TOCS)",
  year = 2016,
}

@InProceedings{Leesatapornwongsa+16-TaxDC, 
    author = {Tanakorn Leesatapornwongsa and Jeffrey F. Lukman and Shan Lu and Haryadi S. Gunawi},
     title = "{TaxDC: A Taxonomy of Non-Deterministic Concurrency Bugs in Datacenter Distributed Systems}",
  crossref = {ASPLOS16},
}

@InProceedings{Leesatapornwongsa+15-SamcIssta,
    author = {Tanakorn Leesatapornwongsa and Haryadi S. Gunawi},
     title = "{SAMC: A Fast Model Checker for Finding Heisenbugs in Distributed Systems}",
  crossref = {ISSTA15},
}

@InProceedings{Suminto+15-Spv,
  author = {Riza O. Suminto and Agung Laksono and Anang D. Satria and Thanh Do and Haryadi S. Gunawi},
  title = "{Towards Pre-Deployment Detection of Performance Failures in Cloud Distributed Systems}",
  crossref = {HOTCLOUD15},
}


@InProceedings{Gunawi+14-Cbs, 
   howpublished = {cbs},
       author = {Haryadi S. Gunawi and Mingzhe Hao and Tanakorn Leesatapornwongsa and Tiratat Patana-anake and Thanh Do and Jeffry Adityatama and Kurnia J. Eliazar and Agung Laksono and Jeffrey F. Lukman and Vincentius Martin and Anang D. Satria},
        title = "{What Bugs Live in the Cloud? A Study of 3000+ Issues in Cloud Systems}",
     crossref = {SOCC14}, 
}

@InProceedings{Leesatapornwongsa+14-Drill, 
       author = {Tanakorn Leesatapornwongsa and Haryadi S. Gunawi},
        title = "{The Case for Drill-Ready Cloud Computing}",
       crossref = {SOCC14},
}

@InProceedings{Leesatapornwongsa+14-Samc, 
       author = {Tanakorn Leesatapornwongsa and Mingzhe Hao and Pallavi Joshi and Jeffrey F. Lukman and Haryadi S. Gunawi},
        title = "{SAMC: Semantic-Aware Model Checking for Fast Discovery of Deep Bugs in Cloud Systems}",
       crossref = {OSDI14},
}


@InProceedings{DoGunawi13-Limping,
    author = {Thanh Do and Haryadi S. Gunawi},
     title = "{The Case for Limping-Hardware Tolerant Clouds}",
  crossref = {HOTCLOUD13},
}


@InProceedings{Do+13-Limplock,
    author = {Thanh Do and Mingzhe Hao and Tanakorn Leesatapornwongsa and Tiratat Patana-anake and Haryadi S. Gunawi},
     title = "{Limplock: Understanding the Impact of Limpware on Scale-Out Cloud Systems}",
   crossref = {SOCC13}
}



@InProceedings{Do+13-HARDFS,
    author = {Thanh Do and Tyler Harter and Yingchao Liu and Haryadi S. Gunawi and 
            Andrea C. Arpaci-Dusseau and Remzi H. Arpaci-Dusseau},
     title = "{HARDFS: Hardening HDFS with Selective and Lightweight Versioning}",
  crossref = {FAST13},
}




@InProceedings{Joshi+11-PreFail,
  author = {Pallavi Joshi and Haryadi S. Gunawi and Koushik Sen},
  title = "{\textsc{PreFail}: A Programmable Tool for Multiple-Failure Injection}",
  crossref = {OOPSLA11}, 
}

@InProceedings{Gunawi+11-FateDestini,
    author = {Haryadi S. Gunawi and Thanh Do and Pallavi Joshi and Peter Alvaro and Joseph M. Hellerstein and Andrea C. Arpaci-Dusseau and Remzi H. Arpaci-Dusseau and Koushik Sen and Dhruba Borthakur},
     title = "{\textsc{Fate} and \textsc{Destini}: A Framework for Cloud Recovery Testing}",
  crossref = {NSDI11}, 
}


@Misc{Gunawi+11-FateDestiniTR,
  author = {Haryadi S. Gunawi and Thanh Do and Pallavi Joshi and Peter Alvaro and Joseph M. Hellerstein
                  and Andrea C. Arpaci-Dusseau and Remzi
                  H. Arpaci-Dusseau and Koushik Sen},
  title = "{\textsc{Fate} and \textsc{Destini}: A Framework
                  for Cloud Recovery Testing}",
  howpublished = "UC Berkeley Technical Report
                  UCB/EECS-2010-127",
  year = 2010,
  month = sep,
}

@Misc{Gunawi+11-FaaS-TR,
  author = {Haryadi S. Gunawi and Thanh Do and Joseph
                  M. Hellerstein and Ion Stoica and Dhruba
                  Borthakur and Jesse Robbins},
  title = "{Failure as a Service (FaaS): A Cloud Service for
                  Large-Scale, Online Failure Drills}",
  howpublished = "UC Berkeley Technical Report
                  UCB/EECS-2011-87",
}






@InProceedings{Gunawi+10-FtsDts,
    author = {Haryadi S. Gunawi and Thanh Do and Pallavi
                  Joshi and Joseph M. Hellerstein and Andrea
                  C. Arpaci-Dusseau and Remzi
                  H. Arpaci-Dusseau and Koushik Sen},
     title = "{Towards Automatically Checking Thousands of
                  Failures with Micro-specifications}",
  crossref = {HOTDEP10}, 
}


@InProceedings{Gunawi+10-FtsDtsTR,
    author = {Haryadi S. Gunawi and Thanh Do and Pallavi Joshi and Joseph M. Hellerstein and Andrea C. Arpaci-Dusseau and Remzi H. Arpaci-Dusseau and Koushik Sen},
     title = "{Towards Automatically Checking Thousands of Failures with Micro-specifications}",
   crossref = {TRUCB201098},
}

 % howpublished = {UC. Berkeley Technical Report UCB/EECS-2010-98},
 %        year = 2010,


@PhdThesis{GunawiPhd09,
           title = "{Towards Reliable Storage Systems}",
          author = "Haryadi S. Gunawi",
          school = "University of Wisconsin--Madison",
            year = "2009",
}


@InProceedings{Subramanian+09-SQL,
     title = "{Impact of Disk Corruption on Open-Source DBMS}",
    author = {Sriram Subramanian and Yupu Zhang and Rajiv Vaidyanathan and
              Haryadi S. Gunawi and Andrea C. Arpaci-Dusseau and
              Remzi H. Arpaci-Dusseau and Jeffrey F. Naughton},
  crossref = "ICDE10",
}




@InProceedings{Roth+92-Pose,
           title = "{Model-driven pose correction}",
          author = "Yuval Roth and Annie S. Wu and Remzi H. Arpaci and Terry Weymouth and Ramesh Jain",
       booktitle = "Proceedings of the IEEE International Conference on Robotics and Automation",
           pages = "2625--2630",
           month = "May",
            year = "1992",
         address = "Nice, France",
}

@InProceedings{Cohen+92-Teleoperated,
           title = "{Teleoperated Mobile Robotics Instructional Laboratory}",
          author = "Charles J. Cohen and Lynn Conway and Remzi H. Arpaci and Alexander Ramos",
       booktitle = "Mobile Robots VII",
           pages = "202--210",
           month = "November",
            year = "1992",
         address = "Boston, Massachusetts",
}

@InProceedings{RamosArpaci92-GOALS,
           title = "{GOALS: A Real-Time Obstacle Avoidance Method for Mobile Robots}",
          author = "Alexander Ramos and Remzi H. Arpaci",
       booktitle = "Argonne Symposium for Undergraduates in Science, Engineering, and Mathematics",
           month = "November",
            year = "1992",
}

@Misc{ArpaciDusseauLiu93-Cosched,
           title = "{The Effects of a Non-dedicated Environment on Parallel Applications}",
          author = "Remzi H. Arpaci and Andrea C. Dusseau and Lok T. Liu",
    howpublished = "UC Berkeley CS 262 Project (Operating Systems)",
           month = "December",
            year = "1993",
}

@Misc{ArpaciDusseau93-Flow,
           title = "{Re-examining Scheduling and Communication in Parallel Programs}",
          author = "Andrea C. Dusseau and Remzi H. Arpaci",
    howpublished = "UC Berkeley CS 294 Project (Multiprocessor Networks)",
           month = "May",
            year = "1995",
}

@Misc{ArpaciSteinberg94-T3D,
           title = "{Microbenchmarking the T3D: Theory and Practice}",
          author = "Remzi H. Arpaci and Steve Steinberg",
    howpublished = "UC Berkeley CS 252 Project (Computer Architecture)",
           month = "May",
            year = "1994",
}

@TechReport{ArpaciVahdat+94-ParSeq,
           title = "{Combining Parallel and Sequential Workloads on a NOW}",
          author = "Remzi H. Arpaci and Amin Vahdat and Tom Anderson and Dave Patterson",
     institution = "University of California, Berkeley",
            year = "1994",
          number = "CSD-94-838",
}

@InProceedings{Arpaci+95a,
           title = "{The Interaction of Parallel and Sequential Workloads on a Network of Workstations}",
          author = "Remzi H. Arpaci and Andrea C. Dusseau and Amin Vahdat and Lok T. Liu and Tom Anderson and Dave Patterson",
           pages = "267--278",
        crossref = "SIGMETRICS95",
}

@InProceedings{Arpaci+95b,
           title = "{Empirical Evaluation of the CRAY-T3D: A Compiler Perspective}",
          author = "Remzi H. Arpaci and David E. Culler and Arvind Krishnamurthy and Steve Steinberg and Kathy Yelick",
           pages = "320--331",
        crossref = "ISCA95",
}

@MastersThesis{Arpaci96-Masters,
           title = "{The Communication Behavior of a Distributed Operating System}",
          author = "Remzi H. Arpaci",
          school = "University of California, Berkeley",
            year = "1996",
}

@Misc{ArpaciDusseau96-NowSortClass,
           title = "{NOW-Sort: A Scalable, Commodity Workstation Sort}",
          author = "Remzi H. Arpaci and Andrea C. Dusseau",
    howpublished = "CS 286 (Database Management Systems)",
           month = "May",
            year = "1996",
}

@InProceedings{Dusseau+96,
           title = "{Effective Distributed Scheduling of Parallel Workloads}",
          author = "Andrea C. Dusseau and Remzi H. Arpaci and David E. Culler",
           pages = "25--36",
        crossref = "SIGMETRICS96",
}

@Misc{ArpaciDusseauVahdat95,
           title = "{Towards Process Management on a Network of Workstations}",
          author = "Remzi H. Arpaci and Andrea C. Dusseau and Amin Vahdat",
    howpublished = "http://www.cs.berkeley.edu/~remzi/258-final",
           month = "May",
            year = "1995",
}

@Misc{ArpaciDusseauVahdat95-2,
           title = "{Towards Process Management on a Network of Workstations}",
          author = "Remzi H. Arpaci and Andrea C. Dusseau and Amin Vahdat",
    howpublished = "UC Berkeley CS 294 Project (Parallel Computer Architecture)",
           month = "May",
            year = "1995",
}

@Misc{ArpaciFahndrich96,
           title = "{RevEELing Solaris}",
          author = "Remzi H. Arpaci-Dusseau and Manuel Fahndrich",
    howpublished = "UC Berkeley CS 294 Project (Intelligent RAM)",
           month = "May",
            year = "1996",
}

@InProceedings{Arpaci-Dusseau+97,
           title = "{High-Performance Sorting on Networks of Workstations}",
          author = "Andrea C. Arpaci-Dusseau and Remzi H. Arpaci-Dusseau and David E. Culler and Joseph M. Hellerstein and Dave Patterson",
        crossref = "SIGMOD97",
}

@InProceedings{Keeton+97-SmartSimm,
           title = "{IRAM and SmartSIMM: Overcoming the I/O Bus Bottleneck}",
          author = "Kimberly K. Keeton and Remzi H. Arpaci-Dusseau and Dave Patterson",
       booktitle = "The Workshop on Mixing Logic and DRAM at ISCA '97",
           month = "June",
            year = "1997",
         address = "Denver, Colorado",
}

@InProceedings{Culler+97,
           title = "{Parallel Computing on the Berkeley NOW}",
          author = "David E. Culler and Andrea C. Arpaci-Dusseau and Remzi H. Arpaci-Dusseau and Brent Chun and Steven Lumetta and Alan Mainwaring and Richard Martin and Chad Yoshikawa and Frederick Wong",
       booktitle = "The 9th Joint Symposium on Parallel Processing (JSPP '97)",
           month = "June",
            year = "1997",
         address = "Kobe, Japan",
}

@InProceedings{Arpaci-Dusseau98:Implicit,
           title = "{Scheduling with Implicit Information in Distributed Systems}",
          author = "Andrea C. Arpaci-Dusseau and David E. Culler and Alan Mainwaring",
        crossref = "SIGMETRICS98",
}

@InProceedings{Arpaci-Dusseau+98,
           title = "{The Architectural Costs of Streaming I/O: A Comparison of Workstations, Clusters, and SMPs}",
          author = "Remzi H. Arpaci-Dusseau and Andrea C. Arpaci-Dusseau and David E. Culler and Joseph M. Hellerstein and Dave Patterson",
        crossref = "HPCA98",
}

@InProceedings{Arpaci-Dusseau+98b,
           title = "{Searching for the Sorting Record: Experiences in Tuning NOW-Sort}",
          author = "Andrea C. Arpaci-Dusseau and Remzi H. Arpaci-Dusseau and David E. Culler and Joseph M. Hellerstein and Dave Patterson",
        crossref = "SPDT98",
}

@InProceedings{Arpaci-Dusseau+99,
           title = "{Cluster I/O with River: Making the Fast Case Common}",
          author = "Remzi H. Arpaci-Dusseau and Eric Anderson and Noah Treuhaft and David E. Culler and Joseph M. Hellerstein and Dave Patterson and Kathy Yelick",
        crossref = "IOPADS99",
}

@InProceedings{Wong+99,
           title = "{Architectural Requirements and Scalability of the NAS Parallel Benchmarks}",
          author = "Frederick Wong and Richard Martin and Remzi H. Arpaci-Dusseau and David Wu and David E. Culler",
        crossref = "SC99",
}

@PhdThesis{DusseauPhd98,
           title = "{Implicit Coscheduling: Coordinated Scheduling with Implicit Information in Distributed Systems}",
          author = "Andrea C. Arpaci-Dusseau",
          school = "University of California, Berkeley",
            year = "1998",
}

@PhdThesis{ArpaciPhd99,
           title = "{Performance Availability for Networks of Workstations}",
          author = "Remzi H. Arpaci-Dusseau",
          school = "University of California, Berkeley",
            year = "1999",
}

@TechReport{Talagala+99-TR,
           title = "{Microbenchmark-based Extraction of Local and Global Disk Characteristics}",
          author = "Nisha Talagala and Remzi H. Arpaci-Dusseau and Dave Patterson",
     institution = "University of California, Berkeley",
            year = "1999",
          number = "CSD-99-1063",
}

@InProceedings{Arpaci-Dusseau+01-Wind,
           title = "{Manageable Storage via Adaptation in WiND}",
          author = "Andrea C. Arpaci-Dusseau and Remzi H. Arpaci-Dusseau and John Bent and Brian Forney and Sambavi Muthukrishnan and Florentina I. Popovici and Omer Zaki",
       booktitle = "International Symposium on Cluster Computing and the Grid (CCGrid '01)",
           pages = "1--9",
           month = "May",
            year = "2001",
         address = "Brisbane, Australia",
}

@Misc{WiND,
           title = "{The Wisconsin Network Disks Project}",
          author = "Andrea C. Arpaci-Dusseau and Remzi H. Arpaci-Dusseau",
    howpublished = "http://www.cs.wisc.edu/wind",
            year = "2000",
}

@Misc{Arpaci-Dusseau+00a,
           title = "{An Information-Based Approach to Distributed Systems Design}",
          author = "Andrea C. Arpaci-Dusseau and Remzi H. Arpaci-Dusseau",
    howpublished = "Unpublished document",
           month = "June",
            year = "2000",
}

@Misc{Arpaci-Dusseau+00b,
           title = "{An Evaluation of Run-Time Adaptation in River}",
          author = "Remzi H. Arpaci-Dusseau and Andrea C. Arpaci-Dusseau",
    howpublished = "Unpublished document",
           month = "November",
            year = "2000",
}

@Misc{Arpaci-Dusseau00c,
           title = "{A Study of the Growth of Linux}",
          author = "Remzi H. Arpaci-Dusseau",
    howpublished = "http://www.cs.wisc.edu/~remzi/Linux",
           month = "June",
            year = "2000",
}

@Misc{Evenson00,
           title = "{A Theoretical Analysis of Graduated Declustering via Markov Modeling}",
          author = "Andy Evenson and Remzi H. Arpaci-Dusseau",
    howpublished = "Unpublished document",
           month = "June",
            year = "2000",
}

@InProceedings{Arpaci-Dusseau01-Stutter,
           title = "{Fail-Stutter Fault Tolerance}",
          author = "Remzi H. Arpaci-Dusseau and Andrea C. Arpaci-Dusseau",
        crossref = "HOTOS01",
}

@InProceedings{Thain+01-Well,
           title = "{Gathering at the Well: Creating Communities for Grid I/O}",
          author = "Doug Thain and John Bent and Andrea C. Arpaci-Dusseau and Remzi H. Arpaci-Dusseau and Miron Livny",
           pages = "1--10",
        crossref = "SC01",
}

@Article{Arpaci-Dusseau01-TOCS,
           title = "{Implicit Coscheduling: Coordinated Scheduling with Implicit Information in Distributed System}",
          author = "Andrea C. Arpaci-Dusseau",
         journal = "ACM Transactions on Computer Systems (TOCS)",
           pages = "283--331",
           month = "August",
            year = "2001",
          volume = "19",
          number = "3",
}

@InProceedings{Arpaci-Dusseau01-GrayBox,
           title = "{Information and Control in Gray-Box Systems}",
          author = "Andrea C. Arpaci-Dusseau and Remzi H. Arpaci-Dusseau",
           pages = "43--56",
        crossref = "SOSP01",
}

@InProceedings{Sivathanu+01-BAIO,
           title = "{Block Asynchronous I/O: A Flexible Infrastructure For User-Level Filesystems}",
          author = "Muthian Sivathanu and Venkateshwaran Venkataramani and Remzi H. Arpaci-Dusseau",
       booktitle = "The International Conference on High-Performance Computing (HiPC '01)",
           pages = "249--261",
           month = "December",
            year = "2001",
         address = "India",
}

@InProceedings{Forney+02-FAST,
           title = "{Storage-Aware Caching: Revisiting Caching For Heterogeneous Storage Systems}",
          author = "Brian Forney and Andrea C. Arpaci-Dusseau and Remzi H. Arpaci-Dusseau",
           pages = "61--74",
        crossref = "FAST02",
}

@InProceedings{Burnett+02-Usenix,
           title = "{Exploiting Gray-Box Knowledge of Buffer-Cache Contents}",
          author = "Nathan C. Burnett and John Bent and Andrea C. Arpaci-Dusseau and Remzi H. Arpaci-Dusseau",
           pages = "29--44",
        crossref = "USENIX02",
}

@InProceedings{Denehy+02-Usenix,
           title = "{Bridging the Information Gap in Storage Protocol Stacks}",
          author = "Timothy E. Denehy and Andrea C. Arpaci-Dusseau and Remzi H. Arpaci-Dusseau",
           pages = "177--190",
        crossref = "USENIX02",
}

@InProceedings{Bent+02-HPDC,
           title = "{Flexibility, Manageability, and Performance in a Grid Storage Appliance}",
          author = "John Bent and Venkateshwaran Venkataramani and Nick Leroy and Alain Roy and Joseph Stanley and Andrea C. Arpaci-Dusseau and Remzi H. Arpaci-Dusseau and Miron Livny",
           pages = "3--12",
        crossref = "HPDC02",
}

@InProceedings{Sivathanu+02-Asplos,
           title = "{Evolving RPC for Active Storage}",
          author = "Muthian Sivathanu and Andrea C. Arpaci-Dusseau and Remzi H. Arpaci-Dusseau",
           pages = "264--276",
        crossref = "ASPLOS02",
}

@TechReport{Sivathanu+02-SSD-TR,
           title = "{Semantically-Smart Disk Systems}",
          author = "Muthian Sivathanu and Vijayan Prabhakaran and Florentina I. Popovici and Timothy E. Denehy and Andrea C. Arpaci-Dusseau and Remzi H. Arpaci-Dusseau",
     institution = "University of Wisconsin, Madison",
            year = "2002",
          number = "CS 1445",
}

@TechReport{Forney+02-TR,
           title = "{Storage-Aware Caching: Revisiting Caching For Heterogeneous Storage Systems}",
          author = "Brian Forney and Andrea C. Arpaci-Dusseau and Remzi H. Arpaci-Dusseau",
     institution = "University of Wisconsin, Madison",
            year = "2002",
          number = "CS 1441",
}

@InProceedings{Sivathanu+03-FAST,
           title = "{Semantically-Smart Disk Systems}",
          author = "Muthian Sivathanu and Vijayan Prabhakaran and Florentina I. Popovici and Timothy E. Denehy and Andrea C. Arpaci-Dusseau and Remzi H. Arpaci-Dusseau",
           pages = "73-88",
        crossref = "FAST03",
}

@Article{Arpaci-Dusseau03-TOCS,
           title = "{Run-Time Adaptation in River}",
          author = "Remzi H. Arpaci-Dusseau",
         journal = "ACM Transactions on Computer Systems (TOCS)",
           pages = "36--86",
           month = "February",
            year = "2003",
          volume = "21",
          number = "1",
}

@TechReport{Popovici+02-Mimic-TR,
           title = "{Robust, Portable I/O Scheduling with the Disk Mimic}",
          author = "Florentina I. Popovici and Andrea C. Arpaci-Dusseau and Remzi H. Arpaci-Dusseau",
     institution = "University of Wisconsin, Madison",
            year = "2002",
          number = "CS 1457",
}

@TechReport{Nugent+02-Place-TR,
           title = "{A Gray-Box Approach To Controlling Data Layout: Techniques and Implementation}",
          author = "James Nugent and Andrea C. Arpaci-Dusseau and Remzi H. Arpaci-Dusseau",
     institution = "University of Wisconsin, Madison",
            year = "2002",
          number = "CS 1456",
}

@TechReport{Bent+02-Migratory-TR,
           title = "{Migratory File Services for Scientific Applications}",
          author = "John Bent and Andrea C. Arpaci-Dusseau and Remzi H. Arpaci-Dusseau and Miron Livny",
     institution = "University of Wisconsin, Madison",
            year = "2002",
          number = "CS 1460",
}

@TechReport{Arpaci-Dusseau03-HotosInfokernel-TR,
           title = "{Infokernel: An evolutionary approach to operating system design}",
          author = "Andrea C. Arpaci-Dusseau and Remzi H. Arpaci-Dusseau",
     institution = "University of Wisconsin, Madison",
            year = "2003",
          number = "CS 1465",
}

@TechReport{Arpaci-Dusseau03-HotosStop-TR,
           title = "{Stop All File Systems Research}",
          author = "Andrea C. Arpaci-Dusseau and Remzi H. Arpaci-Dusseau",
     institution = "University of Wisconsin, Madison",
            year = "2003",
          number = "CS 1466",
}

@TechReport{Thain+03-Batch-TR,
           title = "{The Architectural Implications of Pipeline and Batch Sharing in Scientific Workloads}",
          author = "Doug Thain and John Bent and Andrea C. Arpaci-Dusseau and Remzi H. Arpaci-Dusseau and Miron Livny",
     institution = "University of Wisconsin, Madison",
            year = "2003",
          number = "CS 1463",
}

@InProceedings{Popovici+03-Mimic,
           title = "{Robust, Portable I/O Scheduling with the Disk Mimic}",
          author = "Florentina I. Popovici and Andrea C. Arpaci-Dusseau and Remzi H. Arpaci-Dusseau",
           pages = "297--310",
        crossref = "USENIX03",
}

@InProceedings{Nugent+03-Place,
           title = "{Controlling your PLACE in the File System with Gray-box Techniques}",
          author = "James Nugent and Andrea C. Arpaci-Dusseau and Remzi H. Arpaci-Dusseau",
           pages = "311--324",
        crossref = "USENIX03",
}

@TechReport{Sivathanu+03-DGRAID-TR,
           title = "{Improving Storage System Availability with D-GRAID}",
          author = "Muthian Sivathanu and Vijayan Prabhakaran and Andrea C. Arpaci-Dusseau and Remzi H. Arpaci-Dusseau",
     institution = "University of Wisconsin, Madison",
            year = "2003",
          number = "CS 1473",
}

@InCollection{Bent+03-NestBook,
           title = "{NeST - A Grid Enabled Storage Appliance}",
          author = "John Bent and Venkateshwaran Venkataramani and Nick Leroy and Alain Roy and Joseph Stanley and Andrea C. Arpaci-Dusseau and Remzi H. Arpaci-Dusseau and Miron Livny",
          editor = "Jan Weglarz and Jarek Nabrzyski and Jennifer Schopf and Macief Stroinkski",
       booktitle = "Grid Resource Management",
         chapter = "22",
       publisher = "Kluwer Academic Publishers",
           month = "June",
            year = "2003",
           pages = "341--358",
}

@InProceedings{Thain+03-HPDC,
           title = "{Pipeline and Batch Sharing in Grid Workloads}",
          author = "Doug Thain and John Bent and Andrea C. Arpaci-Dusseau and Remzi H. Arpaci-Dusseau and Miron Livny",
           pages = "152--161",
        crossref = "HPDC03",
}

@InProceedings{ArpaciDusseau+03-Infokernel,
           title = "{Transforming Policies into Mechanisms with Infokernel}",
          author = "Andrea C. Arpaci-Dusseau and Remzi
                  H. Arpaci-Dusseau and Nathan C. Burnett
                  and Timothy E. Denehy and Thomas J. Engle
                  and Haryadi S. Gunawi and James Nugent and
                  Florentina I. Popovici",
        crossref = "SOSP03",
}

@InProceedings{Sivathanu+04-FAST,
           title = "{Improving Storage System Availability with D-GRAID}",
          author = "Muthian Sivathanu and Vijayan Prabhakaran and Andrea C. Arpaci-Dusseau and Remzi H. Arpaci-Dusseau",
           pages = "15--30",
        crossref = "FAST04",
}

@InProceedings{Bent+04-NSDI,
           title = "{Explicit Control in a Batch-Aware Distributed File System}",
          author = "John Bent and Doug Thain and Andrea C. Arpaci-Dusseau and Remzi H. Arpaci-Dusseau and Miron Livny",
           pages = "365--378",
        crossref = "NSDI04",
}

@InProceedings{Bairavasundaram+04-ISCA,
           title = "{X-RAY: A Non-Invasive Exclusive Caching Mechanism for RAIDs}",
          author = "Lakshmi N. Bairavasundaram and Muthian Sivathanu and Andrea C. Arpaci-Dusseau and Remzi H. Arpaci-Dusseau",
           pages = "176--187",
        crossref = "ISCA04",
}

@InProceedings{Denehy+04-Asplos,
           title = "{Deconstructing Storage Arrays}",
          author = "Timothy E. Denehy and John Bent and Florentina I. Popovici and Andrea C. Arpaci-Dusseau and Remzi H. Arpaci-Dusseau",
           pages = "59--71",
        crossref = "ASPLOS04",
}

@InProceedings{Sivathanu+04-OSDI,
           title = "{Life or Death at Block Level}",
          author = "Muthian Sivathanu and Lakshmi N. Bairavasundaram and Andrea C. Arpaci-Dusseau and Remzi H. Arpaci-Dusseau",
           pages = "379--394",
        crossref = "OSDI04",
}

@InProceedings{Gunawi+04-icTCP,
           title = "{Deploying Safe User-Level Network Services with icTCP}",
          author = "Haryadi S. Gunawi and Andrea
                  C. Arpaci-Dusseau and Remzi
                  H. Arpaci-Dusseau",
        crossref = "OSDI04",
}

@InProceedings{Prabhakaran+05-Usenix,
           title = "{Analysis and Evolution of Journaling File Systems}",
          author = "Vijayan Prabhakaran and Andrea C. Arpaci-Dusseau and Remzi H. Arpaci-Dusseau",
           pages = "105--120",
        crossref = "USENIX05",
}

@Article{Sivathanu+05-TOS,
           title = "{Improving Storage System Availability with D-GRAID}",
          author = "Muthian Sivathanu and Vijayan Prabhakaran and Andrea C. Arpaci-Dusseau and Remzi H. Arpaci-Dusseau",
         journal = "ACM Transactions on Storage (TOS)",
           pages = "133--170",
           month = "May",
            year = "2005",
          volume = "1",
          number = "2",
}

@InProceedings{Gunawi+05-Deconstruct,
           title = "{Deconstructing Commodity Storage Clusters}",
          author = "Haryadi S. Gunawi and Nitin Agrawal and
                  Andrea C. Arpaci-Dusseau and Remzi
                  H. Arpaci-Dusseau and Jiri Schindler",
        crossref = "ISCA05",
}

@InProceedings{Prabhakaran+05-DSN,
           title = "{Model-Based Failure Analysis of Journaling File Systems}",
          author = "Vijayan Prabhakaran and Andrea C. Arpaci-Dusseau and Remzi H. Arpaci-Dusseau",
           pages = "802--811",
        crossref = "DSN05",
}

@InProceedings{Prabhakaran+05-IronFS,
           title = "{IRON File Systems}",
          author = "Vijayan Prabhakaran and Lakshmi
                  N. Bairavasundaram and Nitin Agrawal and
                  Haryadi S. Gunawi and Andrea
                  C. Arpaci-Dusseau and Remzi
                  H. Arpaci-Dusseau",
        crossref = "SOSP05",
}

@InProceedings{Sivathanu+05-Logic,
           title = "{A Logic of File Systems}",
          author = "Muthian Sivathanu and Andrea C. Arpaci-Dusseau and Remzi H. Arpaci-Dusseau and Somesh Jha",
           pages = "1--15",
        crossref = "FAST05",
}

@InProceedings{Sivathanu+05-SDSDB,
           title = "{Database-Aware Semantically-Smart Storage}",
          author = "Muthian Sivathanu and Lakshmi N. Bairavasundaram and Andrea C. Arpaci-Dusseau and Remzi H. Arpaci-Dusseau",
           pages = "239--252",
        crossref = "FAST05",
}

@InProceedings{Denehy+05-FAST,
           title = "{Journal-guided Resynchronization for Software RAID}",
          author = "Timothy E. Denehy and Andrea C. Arpaci-Dusseau and Remzi H. Arpaci-Dusseau",
           pages = "87--100",
        crossref = "FAST05",
}

@InProceedings{Santhanam05-WORLDS,
           title = "{Deploying Virtual Machines as Sandboxes for the Grid}",
          author = "Sriya Santhanam and Pradheep Elango and Andrea C. Arpaci-Dusseau and Miron Livny",
       booktitle = "Second Workshop on Real Large Distributed Systems (WORLDS'05)",
           month = "December",
            year = "2005",
}

@Article{Prabhakaran+06-TDSC,
           title = "{Model-Based Failure Analysis of Journaling File Systems}",
          author = "Vijayan Prabhakaran and Andrea C. Arpaci-Dusseau and Remzi H. Arpaci-Dusseau",
         journal = "To appear in IEEE Transactions on Dependable and Secure Computing (TDSC)",
            year = "2006",
}

@Article{Arpaci-Dusseau06-Semantic,
           title = "{Semantically-Smart Disk Systems: Past, Present, and Future}",
          author = "Andrea C. Arpaci-Dusseau and Remzi H. Arpaci-Dusseau and Lakshmi N. Bairavasundaram and Timothy E. Denehy and Florentina I. Popovici and Vijayan Prabhakaran and Muthian Sivathanu",
         journal = "Sigmetrics Performance Evaluation Review (PER)",
           pages = "29--35",
           month = "March",
            year = "2006",
          volume = "33",
          number = "4",
}

@InProceedings{Jones+06-Antfarm,
           title = "{Antfarm: Tracking Processes in a Virtual Machine Environment}",
          author = "Stephen T. Jones and Andrea C. Arpaci-Dusseau and Remzi H. Arpaci-Dusseau",
        crossref = "USENIX06",
}

@InProceedings{Bairavasundaram+06-DSN,
           title = "{Dependability Analysis of Virtual Memory Systems}",
          author = "Lakshmi N. Bairavasundaram and Andrea C. Arpaci-Dusseau and Remzi H. Arpaci-Dusseau",
        crossref = "DSN06",
}

@InProceedings{Elango+06-WIOSCA,
           title = "{Design Choices For Utilizing The Disk Idleness In A Virtual Machine Environment}",
          author = "Pradheep Elango and Saisuresh Krishnakumaran and Remzi H. Arpaci-Dusseau",
        crossref = "WIOSCA06",
}

@InProceedings{Jones+06-Geiger,
           title = "{Geiger: Monitoring the Buffer Cache in a Virtual Machine Environment}",
          author = "Stephen T. Jones and Andrea C. Arpaci-Dusseau and Remzi H. Arpaci-Dusseau",
        crossref = "ASPLOS06",
}

@InProceedings{Bairavasundaram+06-LimitingTrust,
           title = "{Limiting Trust in the Storage Stack}",
          author = "Meenali Rungta and Lakshmi N. Bairavasundaram and Andrea C. Arpaci-Dusseau and Remzi H. Arpaci-Dusseau",
       booktitle = "The International Workshop on Storage Security and Survivability (StorageSS '06)",
           month = "November",
            year = "2006",
         address = "Alexandria, Virginia",
}

@InProceedings{ArpaciDusseau07-Tcl,
           title = "{Making Beautiful Graphs with Zplot}",
          author = "Remzi H. Arpaci-Dusseau",
       booktitle = "Proceedings of the 14th Annual Tcl/Tk Conference",
           month = "September",
            year = "2007",
         address = "New Orleans, Louisiana",
}

@InProceedings{Krishnan+07-StorageSS,
           title = "{The Effects of Metadata Corruption on NFS}",
          author = "Swetha Krishnan and Giridhar Ravipati and Andrea C.
              Arpaci-Dusseau and Remzi H. Arpaci-Dusseau and Barton P.
              Miller",
       booktitle = "Proceedings of the 3rd International Workshop on Storage
           Security and Survivability (StorageSS'07)",
           month = "October",
            year = "2007",
         address = "Alexandria, Virginia",
}

@InProceedings{Gunawi+07-IOShepherd,
           title = "{Improving File System Reliability with I/O Shepherding}",
          author = "Haryadi S. Gunawi and Vijayan Prabhakaran and Swetha Krishnan and Andrea C. Arpaci-Dusseau and Remzi H. Arpaci-Dusseau",
        crossref = "SOSP07",
}

@InProceedings{Krioukov+08-Paradise,
  title = "{Parity Lost and Parity Regained}",
  author = "Andrew Krioukov and Lakshmi N. Bairavasundaram and Garth R. Goodson and Kiran Srinivasan and Randy Thelen and Andrea C. Arpaci-Dusseau and Remzi H. Arpaci-Dusseau",
  crossref = "FAST08",
  pages    = "127--141",
}

@InProceedings{Bairavasundaram+08-Corruption,
  title = "{An Analysis of Data Corruption in the Storage Stack}",
  author = "Lakshmi N. Bairavasundaram and Garth R. Goodson and Bianca 
  Schroeder and Andrea C. Arpaci-Dusseau and  Remzi H. Arpaci-Dusseau",
  crossref = "FAST08",
}

@InProceedings{Gunawi+08-EIO,
           title = "{EIO: Error Handling is Occasionally Correct}",
          author = "Haryadi S. Gunawi and Cindy
                  Rubio-Gonzalez and Andrea
                  C. Arpaci-Dusseau and Remzi
                  H. Arpaci-Dusseau and Ben Liblit",
       crossref = "FAST08",
}

@InProceedings{Jones+08-Lycosid,
           title = "{VMM-based Hidden Process Detection and Identification using Lycosid}",
          author = "Stephen T. Jones and Andrea C. Arpaci-Dusseau and Remzi H. Arpaci-Dusseau",
       booktitle = "ACM International Conference on Virtual Execution Environments (VEE 2008)",
           month = "March",
            year = "2008",
         address = "Seattle, WA",
}

@InProceedings{Bairavasundaram08-DSN,
  title = "{Systematically Benchmarking the Effects of Disk Pointer Corruption}",
  author = "Lakshmi N. Bairavasundaram and Meenali Rungta and Nitin Agrawal and Andrea C. Arpaci-Dusseau and Remzi H. Arpaci-Dusseau and Michael M. Swift",
  crossref = "DSN08",
}





@Misc{Gunawi+07-Verifying,
   author = {Haryadi S. Gunawi and Swetha Krishnan},
   title = "{Verifying File System Properties with Type Inference}",
   howpublished = "{\em UW TR No. 1695-2007}",
}




@InProceedings{Gunawi+08-SQCK,
    title = "{SQCK: A Declarative File System Checker}",
   author = "Haryadi S. Gunawi and Abhishek Rajimwale and
                  Andrea C. Arpaci-Dusseau and Remzi
                  H. Arpaci-Dusseau",
 crossref = "OSDI08",
}

@InProceedings{Anand+08-RangeWrites,
    title = "{Avoiding File System Micromanagement with Range Writes}",
   author = "Ashok Anand and Sayandeep Sen and Andrew Krioukov and Florentina Popovici and Aditya Akella and Andrea C. Arpaci-Dusseau and Remzi H. Arpaci-Dusseau and Suman Banerjee",
 crossref = "OSDI08",
}

@InProceedings{Agrawal+08-CodeMRI,
           title = "{Towards Realistic File-System Benchmarks with CodeMRI}",
          author = "Nitin Agrawal and Andrea C. Arpaci-Dusseau and Remzi H. Arpaci-Dusseau",
       booktitle = "First Workshop on Hot Topics in Measurement and Modeling of Computer Systems (ACM HotMetrics '08)",
           month = "June",
            year = "2008",
         address = "Annapolis, MD",
}

@article{Agrawal+08-PER,
 author = {Nitin Agrawal and Andrea C. Arpaci-Dusseau and Remzi H. Arpaci-Dusseau},
 title = {{Towards Realistic File-System Benchmarks with CodeMRI}},
 journal = {SIGMETRICS Perform. Eval. Rev.},
 volume = {36},
 number = {2},
 year = {2008},
 issn = {0163-5999},
 pages = {52--57},
 doi = {http://doi.acm.org/10.1145/1453175.1453184},
 publisher = {ACM},
 address = {New York, NY, USA},
}

@Article{Bairavasundaram+08-Corruption-Login,
  title = "{Data Corruption in the Storage Stack: A Closer Look}",
  author = "Lakshmi N. Bairavasundaram and Garth R. Goodson and Bianca Schroeder and Andrea C. Arpaci-Dusseau and  Remzi H. Arpaci-Dusseau",
  journal = {;login: The USENIX Magazine},
  volume = 33,
  number = 3,
  month = jun,
  year = 2008,
}

@InProceedings{Agrawal+09-Impressions,
  title = "{Generating Realistic Impressions for File-System Benchmarking}",
  author = "Nitin Agrawal and Andrea C. Arpaci-Dusseau and Remzi H. Arpaci-Dusseau",
  crossref = "FAST09",
}

@InProceedings{RubioGonzalez+09-ErrorProp,
  title = "{Error Propagation Analysis for File Systems}",
  author = "Cindy Rubio-Gonzalez and Haryadi S. Gunawi and
                  Ben Liblit and Remzi H. Arpaci-Dusseau and
                  Andrea C. Arpaci-Dusseau", 
  crossref = "PLDI09",
}

@InProceedings{Bairavasundaram+09-EnvyFS,
  title = "{Tolerating File-System Mistakes with EnvyFS}",
  author = "Lakshmi N. Bairavasundaram and Swaminathan Sundararaman and Andrea C. Arpaci-Dusseau and Remzi H. Arpaci-Dusseau",
  crossref = "USENIX09",
}

@InProceedings{Bent+09-DataDriven, 
    author = {John Bent and Remzi Arpaci-Dusseau and Andrea Arpaci-Dusseau and Miron Livny and Timothy Denehy},
    title = {{Data-Driven Batch Scheduling}},
    booktitle = {The Second International Workshop on Data-Aware Distributed Computing},
    year = {2009}, 
    address = {Munich, Germany}, 
    month = jun,
}

@Book{HandP-06,
  title = "{Computer Architecture: A Quantitative Approach (4th Edition)}",
  author = "John L. Hennessy and David A. Patterson",
  note = "With contributions by Andrea C. Arpaci-Dusseau, Remzi H. Arpaci-Dusseau, Krste Asanovic, Robert P. Colwell, Thomas M. Conte, Jose Duato, Diana Franklin, David Goldberg, Wen-mei W. Hwu, Norman P. Jouppi, Timothy M. Pinkston, John W. Sas, David A. Wood",
  year = "2006",
  publisher = "Morgan Kaufmann",
}



% %%%%%%%%%%%%%%%%%%%%%%%%%%%%%%%%%%%%%%%%%%%%%%%%%%%%%%%%%%%%%%%%%%%
%
% END OF GROUP PUBLICATION BIBS, BEGINNING OF PERSONAL COMMUNICATION
%
% %%%%%%%%%%%%%%%%%%%%%%%%%%%%%%%%%%%%%%%%%%%%%%%%%%%%%%%%%%%%%%%%%%%


@Misc{GibsonCMUPC13,
  title = "{Personal Communication from Garth Gibson of CMU}",
  year =         {2013},
}

@Misc{HarmsArgonnePC13,
  title = "{Personal Communication from Kevin Harms of Argonne National Laboratory}",
  year =         {2013},
}

@Misc{HarmsArgonnePC,
  title = "{Personal Communication from Kevin Harms of Argonne National Laboratory}",
}

@Misc{KasickCMUPC13,
  title = "{Personal Communication from Mike Kasick of CMU}",
  year = {2013},
}



@Misc{BaptistCleversafePC13,
  title = "{Personal Communication from Andrew Baptist of Cleversafe}",
  year =         {2013},
}


@Misc{JoshiNECPC13,
  title = "{Personal Communication from Pallavi Joshi of NEC}",
  year =         {2013},
}

@Misc{BorthakurFacebookPC11,
  title = "{Personal Communication from Dhruba Borthakur of Facebook}",
  year =         {2011},
}

@Misc{BorthakurFacebookPC,
  title = "{Personal Communication from Dhruba Borthakur of Facebook}",
}

@Misc{ClouderaPC,
  title = "{Personal Communication with Engineers at Cloudera}",
}

@Misc{ModistPC,
  title = "{Personal Communication with \textsc{Modist} Authors}",
}



@Misc{RobbinsOpscodePC11,
  title = "{Personal Communication from Jesse Robbins of Opscode, previously
Availability Program Manager at Amazon}",
  year =         {2011},
}

@Misc{RobbinsOpscodePC,
  title = "{Personal Communication from Jesse Robbins of Opscode (previously
Availability Program Manager at Amazon)}",
}

%  title = "{Personal Communication from Jesse Robbins of Opscode}

@Misc{SchindlerNetAppPC12,
  title = "{Personal Communication from Jiri Schindler of NetApp}",
  year =         {2012},
}


@Misc{SchindlerNetAppPC,
  title = "{Personal Communication from Jiri Schindler of NetApp}",
}



@Misc{PasupathyNetAppPC,
  author =       "Shankar Pasupathy",
  howpublished = "{\em Personal Communication from Shankar Pasupathy of NetApp}",
  year =         {2009},
}

@Misc{DeanGooglePC,
  author =       "Jeff Dean",
  howpublished = "{\em Personal Communication from Jeff Dean of Google}",
  year =         {2009},
}

@Misc{Wilkes05-PC,
  title = "{Data loss equals job loss}",
  author = "John Wilkes",
  howpublished = "Personal Communication", 
  year = "2005",
}

@Misc{Tso05-PC,
  author = "Theodore Ts'o",
  title = "{'We encounter more write errors when running upon Fibre Channel.'}",
  howpublished = "Personal Communication",
  year = "2005",
}

@Misc{Schindler05-PC,
  author = "Jiri Schindler",
  title = "{``We have experienced a severe performance degradation that was identified as a problem with disk firmware. The disk drives had to be reprogrammed to fix the problem''}",
  howpublished = "Personal Communication from J. Schindler of EMC", 
  month = jul,
  year = "2005",
}

@Misc{Anderson05-PC,
  author = "Dave Anderson",
  howpublished = "Personal Communication from Dave Anderson of Seagate",
  title = "{``Drive manufacturers typically don't talk about disk failures''}",
  year = "2005",
}

@Misc{Dykes05-400k-PC,
  author = "James Dykes",
  title  = "{``A modern disk has roughly 400,000 lines of code''}",
  howpublished = "Personal Communication from James Dykes of Seagate",
  month = aug,
  year = "2005",
}

@Misc{Kleiman04-PC,
  author =   "Steve Kleiman",
  howpublished = "{\em Personal Communication}",
  year =   {2004},
}

@Misc{Acharya02-PC,
  author =   "Anurag Acharya",
  howpublished = "{\em Personal Communication}",
  year =   {2002},
}

@Misc{Gray02-MetalVsCardboard,
  author =   "Jim Gray",
  howpublished = "{\em Personal Communication}",
  year =   {2002},
}

@Misc{Gray02-Oracle,
  author =   "Jim Gray",
  howpublished = "{\em Personal Communication}",
  year =   {2002},
}

@Misc{Seltzer-WhyBSD-00,
  author       = {Margo I. Seltzer},
  howpublished = {Personal Communication},
  month        = nov,
  year         = "2000", 
}

@Misc{RicciUtahPC16,
  howpublished = "Personal Communication from Robert Ricci of University of Utah", 
  year         = {2016},
}

@Misc{RicciUtahPC,
  howpublished = "Personal Communication from Robert Ricci of University of Utah", 
}

@Misc{JacobsonNMCPC16,
  howpublished = "Personal Communication from Andree Jacobson (Chief Information Officer at New Mexico Consortium)", 
  year         = {2016},
}

@Misc{JacobsonNMCPC,
  howpublished = "Personal Communication from Andree Jacobson (Chief Information Officer at New Mexico Consortium)", 
}
