% bib conferences
% 
% NO DATES and ADDRESS, BOOKTITLE ONLY !!!!!!!!!
% NO CONFERENCE NAMES, JUST ABBRV
% e.g. "in ASPLOS 2010"
%



@Proceedings{XXX10,  booktitle = "XXX" }


% ALS
@Proceedings{SNIA13,  booktitle = "SNIA '13" }

@Proceedings{NOTES15,  booktitle = "NOTES '15" }
@Proceedings{NFLOW14,  booktitle = "NFLOW '14" }
@Proceedings{DATE13,  booktitle = "DATE '13" }
@Proceedings{HPC0C13,  booktitle = "HPCOC '13" }
@Proceedings{NAS13,  booktitle = "NAS '13" }
@Proceedings{PDCAT12,  booktitle = "PDCAT '12" }
@Proceedings{TCE11,  booktitle = "TCE '11" }
@Proceedings{INFLOW14,  booktitle = "INFLOW '14" }
@Proceedings{IWSSPS10,  booktitle = "IWSSPS '10" }
@Proceedings{SAC07,  booktitle = "SAC '07" }

@Proceedings{HPCC13,  booktitle = "HPCC '13" }
@Proceedings{ICS09,  booktitle = "ICS '09" }
@Proceedings{DAC12,  booktitle = "DAC '12" }
@Proceedings{DAC07,  booktitle = "DAC '07" }
@Proceedings{TECS13,  booktitle = "TECS '13" }
@Proceedings{TECS16,  booktitle = "TECS '16" }
@Proceedings{DAC13,  booktitle = "DAC '13" }
@Proceedings{TODAES09,  booktitle = "TODAES '09" }
@Proceedings{EICE12,  booktitle = "EICE '12" }
@Proceedings{CASES07,  booktitle = "CASES '07" }
@Proceedings{TC10,  booktitle = "TC '10" }
@Proceedings{TCE15,  booktitle = "TCE '15" }
@Proceedings{IPCCC14,  booktitle = "IPCCC '14" }
@Proceedings{DAC09,  booktitle = "DAC '09" }
@Proceedings{TCS14,  booktitle = "TCS '14" }
@Proceedings{ISCA08,  booktitle = "ISCA '08" }
@Proceedings{JSSC13,  booktitle = "JSSC '13" }
@Proceedings{ICCD12,  booktitle = "ICCD '12" }
@Proceedings{SYSTOR13,  booktitle = "SYSTOR '13" }
@Proceedings{WAIM13,  booktitle = "WAIM13" }













@Proceedings{AMAST95, booktitle = "AMAST '95"}


@Proceedings{ASE07,  booktitle = "ASE '07" }
@Proceedings{ASE11,  booktitle = "ASE '11" }
@Proceedings{ASE13,  booktitle = "ASE '13" }


% ASPLOS

@Proceedings{ASPLOS00,  booktitle = "ASPLOS '00" }
@Proceedings{ASPLOS01,  booktitle = "ASPLOS '01" }
@Proceedings{ASPLOS02,  booktitle = "ASPLOS '02" }
@Proceedings{ASPLOS03,  booktitle = "ASPLOS '03" }
@Proceedings{ASPLOS04,  booktitle = "ASPLOS '04" }
@Proceedings{ASPLOS05,  booktitle = "ASPLOS '05" }
@Proceedings{ASPLOS06,  booktitle = "ASPLOS '06" }
@Proceedings{ASPLOS07,  booktitle = "ASPLOS '07" }
@Proceedings{ASPLOS08,  booktitle = "ASPLOS '08" }
@Proceedings{ASPLOS09,  booktitle = "ASPLOS '09" }

@Proceedings{ASPLOS10,  booktitle = "ASPLOS '10" }
@Proceedings{ASPLOS11,  booktitle = "ASPLOS '11" }
@Proceedings{ASPLOS12,  booktitle = "ASPLOS '12" }
@Proceedings{ASPLOS13,  booktitle = "ASPLOS '13" }
@Proceedings{ASPLOS14,  booktitle = "ASPLOS '14" }
@Proceedings{ASPLOS15,  booktitle = "ASPLOS '15" }
@Proceedings{ASPLOS16,  booktitle = "ASPLOS '16" }
@Proceedings{ASPLOS17,  booktitle = "ASPLOS '17" }
@Proceedings{ASPLOS18,  booktitle = "ASPLOS '18" }
@Proceedings{ASPLOS19,  booktitle = "ASPLOS '19" }


@Proceedings{ASPLOS16-InSubm, booktitle = "Submission to ASPLOS '16" }

@Proceedings{ATC97,  booktitle = "USENIX ATC '97", }
@Proceedings{ATC99,  booktitle = "USENIX ATC '99", }
@Proceedings{ATC00,  booktitle = "USENIX ATC '00", }
@Proceedings{ATC01,  booktitle = "USENIX ATC '01", }
@Proceedings{ATC04,  booktitle = "USENIX ATC '04", }
@Proceedings{ATC05,  booktitle = "USENIX ATC '05", }
@Proceedings{ATC06,  booktitle = "USENIX ATC '06", }
@Proceedings{ATC07,  booktitle = "USENIX ATC '07", }
@Proceedings{ATC08,  booktitle = "USENIX ATC '08", }
@Proceedings{ATC09,  booktitle = "USENIX ATC '09", }
@Proceedings{ATC10,  booktitle = "USENIX ATC '10", }
@Proceedings{ATC11,  booktitle = "USENIX ATC '11", }
@Proceedings{ATC12,  booktitle = "USENIX ATC '12", }
@Proceedings{ATC13,  booktitle = "USENIX ATC '13", }
@Proceedings{ATC14,  booktitle = "USENIX ATC '14", }
@Proceedings{ATC15,  booktitle = "USENIX ATC '15", }
@Proceedings{ATC16,  booktitle = "USENIX ATC '16", }
@Proceedings{ATC17,  booktitle = "USENIX ATC '17", }


@Proceedings{BSDCON02,  booktitle = "BSDCon '02", }

% C

@Proceedings{CAV96,   booktitle = "CAV '96", }
@Proceedings{CAV98,   booktitle = "CAV '98", }

@Proceedings{CC02,   booktitle = "CC '02", }

@Proceedings{CCA08,   booktitle = "CCA '08", }


% CloudCom

@Proceedings{CLOUDCOM10, booktitle = "CLOUDCOM '10"}


% Cluster

@Proceedings{Cluster00,  booktitle = "Cluster '00" }
@Proceedings{Cluster09,  booktitle = "Cluster '09" }

% CIDR

@Proceedings{CIDR09, booktitle = "CIDR '09" }
@Proceedings{CIDR11, booktitle = "CIDR '11" }
@Proceedings{CIDR15, booktitle = "CIDR '15" }

% CODES

@Proceedings{CODES09, booktitle = "CODES+ISSS '09" }

% CoNEXT

@Proceedings{CoNEXT10,  booktitle = "CoNEXT '10" }
@Proceedings{CoNEXT13,  booktitle = "CoNEXT '13" }



%
% D
% 

@Proceedings{DBTest09,  booktitle = "DBTest '09", }


@Proceedings{DISC00,  booktitle = "DISC '00", }

%
% DSN
%

@Proceedings{DSN00,  booktitle = "DSN '00" }
@Proceedings{DSN01,  booktitle = "DSN '01" }
@Proceedings{DSN02,  booktitle = "DSN '02" }
@Proceedings{DSN03,  booktitle = "DSN '03" }
@Proceedings{DSN04,  booktitle = "DSN '04" }
@Proceedings{DSN05,  booktitle = "DSN '05" }
@Proceedings{DSN06,  booktitle = "DSN '06" }
@Proceedings{DSN07,  booktitle = "DSN '07" }
@Proceedings{DSN08,  booktitle = "DSN '08" }
@Proceedings{DSN09,  booktitle = "DSN '09" }

@Proceedings{DSN10,  booktitle = "DSN '10" }
@Proceedings{DSN11,  booktitle = "DSN '11" }
@Proceedings{DSN12,  booktitle = "DSN '12" }
@Proceedings{DSN13,  booktitle = "DSN '13" }
@Proceedings{DSN14,  booktitle = "DSN '14" }
@Proceedings{DSN15,  booktitle = "DSN '15" }
@Proceedings{DSN16,  booktitle = "DSN '16" }
@Proceedings{DSN17,  booktitle = "DSN '17" }
@Proceedings{DSN18,  booktitle = "DSN '18" }
@Proceedings{DSN19,  booktitle = "DSN '19" }


% EMSOFT

@Proceedings{EMSOFT02,  booktitle = "EMSOFT '02" }
@Proceedings{EMSOFT13,  booktitle = "EMSOFT '13" }


% EDBT

@Proceedings{EDBT13,  booktitle = "EDBT '13" }



% EASY

@Proceedings{EASY01,  booktitle = "EASY '01" }


% EUROSYS


@Proceedings{EuroSys00,  booktitle = "EuroSys '00" }
@Proceedings{EuroSys01,  booktitle = "EuroSys '01" }
@Proceedings{EuroSys02,  booktitle = "EuroSys '02" }
@Proceedings{EuroSys03,  booktitle = "EuroSys '03" }
@Proceedings{EuroSys04,  booktitle = "EuroSys '04" }
@Proceedings{EuroSys05,  booktitle = "EuroSys '05" }
@Proceedings{EuroSys06,  booktitle = "EuroSys '06" }
@Proceedings{EuroSys07,  booktitle = "EuroSys '07" }
@Proceedings{EuroSys08,  booktitle = "EuroSys '08" }
@Proceedings{EuroSys09,  booktitle = "EuroSys '09" }

@Proceedings{EuroSys10,  booktitle = "EuroSys '10" }
@Proceedings{EuroSys11,  booktitle = "EuroSys '11" }
@Proceedings{EuroSys12,  booktitle = "EuroSys '12" }
@Proceedings{EuroSys13,  booktitle = "EuroSys '13" }
@Proceedings{EuroSys14,  booktitle = "EuroSys '14" }
@Proceedings{EuroSys15,  booktitle = "EuroSys '15" }
@Proceedings{EuroSys16,  booktitle = "EuroSys '16" }
@Proceedings{EuroSys17,  booktitle = "EuroSys '17" }
@Proceedings{EuroSys18,  booktitle = "EuroSys '18" }
@Proceedings{EuroSys19,  booktitle = "EuroSys '19" }


% FAST

@Proceedings{FAST00,  booktitle = "FAST '00" }
@Proceedings{FAST01,  booktitle = "FAST '01" }
@Proceedings{FAST02,  booktitle = "FAST '02" }
@Proceedings{FAST03,  booktitle = "FAST '03" }
@Proceedings{FAST04,  booktitle = "FAST '04" }
@Proceedings{FAST05,  booktitle = "FAST '05" }
@Proceedings{FAST06,  booktitle = "FAST '06" }
@Proceedings{FAST07,  booktitle = "FAST '07" }
@Proceedings{FAST08,  booktitle = "FAST '08" }
@Proceedings{FAST09,  booktitle = "FAST '09" }

@Proceedings{FAST10,  booktitle = "FAST '10" }
@Proceedings{FAST11,  booktitle = "FAST '11" }
@Proceedings{FAST12,  booktitle = "FAST '12" }
@Proceedings{FAST13,  booktitle = "FAST '13" }
@Proceedings{FAST14,  booktitle = "FAST '14" }
@Proceedings{FAST15,  booktitle = "FAST '15" }
@Proceedings{FAST16,  booktitle = "FAST '16" }
@Proceedings{FAST16-InSubm, booktitle = "Submission to FAST '16" }
@Proceedings{FAST17,  booktitle = "FAST '17" }
@Proceedings{FAST18,  booktitle = "FAST '18" }
@Proceedings{FAST19,  booktitle = "FAST '19" }


% FREENIX


@Proceedings{FREENIX01,  booktitle = "FREENIX '01", }
@Proceedings{FREENIX02,  booktitle =    "FREENIX '02", }

@Proceedings{FSE00,  booktitle = "FSE '00", }
@Proceedings{FSE14,  booktitle = "FSE '14", }

@Proceedings{FTCS21,  booktitle = "FTCS-21", }
@Proceedings{FTCS23,  booktitle = "FTCS-23", }
@Proceedings{FTCS29,  booktitle = "FTCS-29", }

@Proceedings{FTCS23-Short,  booktitle = "FTCS-23", }


% FTXS
@Proceedings{FTXS15,  booktitle = "FTXS-15", }

% 
% G
% 

@Proceedings{GoogleIO08,  booktitle = "Google I/O '08", }


%
% H
% 

@Proceedings{HASE01,  booktitle = "HASE '01", }
@Proceedings{HASE14,  booktitle = "HASE '14", }

@Proceedings{HECFSIO10,  booktitle = "HEC-FSIO '10", }


% HotCloud

@Proceedings{HotCloud00,  booktitle = "HotCloud '00" }
@Proceedings{HotCloud01,  booktitle = "HotCloud '01" }
@Proceedings{HotCloud02,  booktitle = "HotCloud '02" }
@Proceedings{HotCloud03,  booktitle = "HotCloud '03" }
@Proceedings{HotCloud04,  booktitle = "HotCloud '04" }
@Proceedings{HotCloud05,  booktitle = "HotCloud '05" }
@Proceedings{HotCloud06,  booktitle = "HotCloud '06" }
@Proceedings{HotCloud07,  booktitle = "HotCloud '07" }
@Proceedings{HotCloud08,  booktitle = "HotCloud '08" }
@Proceedings{HotCloud09,  booktitle = "HotCloud '09" }

@Proceedings{HotCloud10,  booktitle = "HotCloud '10" }
@Proceedings{HotCloud11,  booktitle = "HotCloud '11" }
@Proceedings{HotCloud12,  booktitle = "HotCloud '12" }
@Proceedings{HotCloud13,  booktitle = "HotCloud '13" }
@Proceedings{HotCloud14,  booktitle = "HotCloud '14" }
@Proceedings{HotCloud15,  booktitle = "HotCloud '15" }
@Proceedings{HotCloud16,  booktitle = "HotCloud '16" }
@Proceedings{HotCloud17,  booktitle = "HotCloud '17" }
@Proceedings{HotCloud18,  booktitle = "HotCloud '18" }
@Proceedings{HotCloud19,  booktitle = "HotCloud '19" }

% HotDep


@Proceedings{HotDep00,  booktitle = "HotDep '00" }
@Proceedings{HotDep01,  booktitle = "HotDep '01" }
@Proceedings{HotDep02,  booktitle = "HotDep '02" }
@Proceedings{HotDep03,  booktitle = "HotDep '03" }
@Proceedings{HotDep04,  booktitle = "HotDep '04" }
@Proceedings{HotDep05,  booktitle = "HotDep '05" }
@Proceedings{HotDep06,  booktitle = "HotDep '06" }
@Proceedings{HotDep07,  booktitle = "HotDep '07" }
@Proceedings{HotDep08,  booktitle = "HotDep '08" }
@Proceedings{HotDep09,  booktitle = "HotDep '09" }

@Proceedings{HotDep10,  booktitle = "HotDep '10" }
@Proceedings{HotDep11,  booktitle = "HotDep '11" }
@Proceedings{HotDep12,  booktitle = "HotDep '12" }
@Proceedings{HotDep13,  booktitle = "HotDep '13" }
@Proceedings{HotDep14,  booktitle = "HotDep '14" }
@Proceedings{HotDep15,  booktitle = "HotDep '15" }
@Proceedings{HotDep16,  booktitle = "HotDep '16" }
@Proceedings{HotDep17,  booktitle = "HotDep '17" }
@Proceedings{HotDep18,  booktitle = "HotDep '18" }
@Proceedings{HotDep19,  booktitle = "HotDep '19" }

% HotOS


@Proceedings{HOTOS99,  booktitle = "HotOS IX", }
@Proceedings{HOTOS01,  booktitle = "HotOS VIII", }
@Proceedings{HOTOS03,  booktitle = "HotOS IX", }
@Proceedings{HOTOS05,  booktitle = "HotOS X", }
@Proceedings{HOTOS07,  booktitle = "HotOS XI", }
@Proceedings{HOTOS09,  booktitle = "HotOS XII", }
@Proceedings{HOTOS11,  booktitle = "HotOS XIII", }
@Proceedings{HOTOS13,  booktitle = "HotOS XIV", }

% HotStorage
@Proceedings{HOTSTORAGE16,  booktitle = "HotStorage VIII", }

@Proceedings{HOTNETS02,  booktitle = "HotNets-I", }

@Proceedings{HPCA05,  booktitle = "HPCA-11", }

@Proceedings{HPDC98,  booktitle = "HPDC '98", }
@Proceedings{HPDC01,  booktitle = "HPDC '01", }
@Proceedings{HPDC02,  booktitle = "HPDC '02", }
@Proceedings{HPDC03,  booktitle = "HPDC '03", }
@Proceedings{HPDC10,  booktitle = "HPDC '10", }
@Proceedings{HPDC11,  booktitle = "HPDC '11", }
@Proceedings{HPDC12,  booktitle = "HPDC '12", }
@Proceedings{HPDC13,  booktitle = "HPDC '13", }
@Proceedings{HPDC14,  booktitle = "HPDC '14", }
@Proceedings{HPDC15,  booktitle = "HPDC '15", }
@Proceedings{HPDC16,  booktitle = "HPDC '16", }



% ICAC
@Proceedings{ICAC06,  booktitle = "ICAC '06", }
@Proceedings{ICAC11,  booktitle = "ICAC '11", }
@Proceedings{ICAC13,  booktitle = "ICAC '13", }
@Proceedings{ICAC14,  booktitle = "ICAC '14", }

% ICCE
@Proceedings{ICCE12,  booktitle = "ICAC '12", }


% ICDCS
@Proceedings{ICDCS00,  booktitle = {ICDCS '00}, }

% ICDE
@Proceedings{ICDE90,  booktitle = {ICDE '90}, }
@Proceedings{ICDE10,  booktitle = "ICDE '10", }

@Proceedings{ICFEM04,  booktitle = "ICFEM '04", }

@Proceedings{ICS11,  booktitle = "ICS '11", }

@Proceedings{ICSE00,  booktitle = "ICSE '00", }

@Proceedings{ICSE10,  booktitle = "ICSE '10", }

@Proceedings{ICSE13,  booktitle = "ICSE '13", }

@Proceedings{ICSE14,  booktitle = "ICSE '14", }

@Proceedings{ICSE15,  booktitle = "ICSE '15", }

@Proceedings{IEEESP06,  booktitle = {IEEE SP '06}, }

@Proceedings{IISWC08,  booktitle = "IISWC '08" }

@Proceedings{IOPADS97,  booktitle = "IOPADS '97", }

@Proceedings{IOPADS99,  booktitle = "IOPADS '99", }

% INFOCOM

@Proceedings{INFOCOM10,  booktitle = "INFOCOM '10" }
@Proceedings{INFOCOM11,  booktitle = "INFOCOM '11" }

% ISCA

@Proceedings{ISCA90,  Booktitle = "ISCA '90", }
@Proceedings{ISCA92,  Booktitle = "ISCA '92", }
@Proceedings{ISCA93,  Booktitle = "ISCA '93", }
@Proceedings{ISCA95,  booktitle = "ISCA '95", }
@Proceedings{ISCA97,  booktitle = {ISCA '97}, }
@Proceedings{ISCA04,  booktitle = {ISCA '04}, }
@Proceedings{ISCA05,  booktitle = {ISCA '05}, }
@Proceedings{ISCA13,  booktitle = {ISCA '13}, }

@Proceedings{ISPASS11,  booktitle = "{ISPASS '11}", }

@Proceedings{ISSTA15,  booktitle = "{ISSTA '15}", }
@Proceedings{ISSTA07,  booktitle = "{ISSTA '07}", }

@Proceedings{IVNET06,  booktitle = "IVNET '06", }

% IWQoS

@Proceedings{IWQOS01,  booktitle = "IWQOS '01", }

% 
% L
%

@Proceedings{LADIS09,  booktitle = "LADIS '09", }

@Proceedings{LISA03,  booktitle = "LISA '03", }
@Proceedings{LISA04,  booktitle = "LISA '04", }
@Proceedings{LISA07,  booktitle = "LISA '07", }


% M

% MASCOTS

@Proceedings{MASCOTS00,  booktitle = "MASCOTS '00" }
@Proceedings{MASCOTS01,  booktitle = "MASCOTS '01" }
@Proceedings{MASCOTS02,  booktitle = "MASCOTS '02" }
@Proceedings{MASCOTS03,  booktitle = "MASCOTS '03" }
@Proceedings{MASCOTS04,  booktitle = "MASCOTS '04" }
@Proceedings{MASCOTS05,  booktitle = "MASCOTS '05" }
@Proceedings{MASCOTS06,  booktitle = "MASCOTS '06" }
@Proceedings{MASCOTS07,  booktitle = "MASCOTS '07" }
@Proceedings{MASCOTS08,  booktitle = "MASCOTS '08" }
@Proceedings{MASCOTS09,  booktitle = "MASCOTS '09" }

@Proceedings{MASCOTS10,  booktitle = "MASCOTS '10" }
@Proceedings{MASCOTS11,  booktitle = "MASCOTS '11" }
@Proceedings{MASCOTS12,  booktitle = "MASCOTS '12" }
@Proceedings{MASCOTS13,  booktitle = "MASCOTS '13" }
@Proceedings{MASCOTS14,  booktitle = "MASCOTS '14" }
@Proceedings{MASCOTS15,  booktitle = "MASCOTS '15" }
@Proceedings{MASCOTS16,  booktitle = "MASCOTS '16" }
@Proceedings{MASCOTS17,  booktitle = "MASCOTS '17" }
@Proceedings{MASCOTS18,  booktitle = "MASCOTS '18" }
@Proceedings{MASCOTS19,  booktitle = "MASCOTS '19" }


@Proceedings{MESOCA11,  booktitle = "MESOCA '11" }

@Proceedings{MICRO08,  booktitle = "MICRO-41" }
@Proceedings{MICRO09,  booktitle = "MICRO-42" }


@Proceedings{MIX10,  booktitle = "MIX '10", }


@Proceedings{MOBICOM99,  booktitle = "MobiCom '99", }

@Proceedings{MOBIHOC03,  booktitle = "MobiHoc '03", }




% MSST


@Proceedings{MSST00,  booktitle = "MSST '00" }
@Proceedings{MSST01,  booktitle = "MSST '01" }
@Proceedings{MSST02,  booktitle = "MSST '02" }
@Proceedings{MSST03,  booktitle = "MSST '03" }
@Proceedings{MSST04,  booktitle = "MSST '04" }
@Proceedings{MSST05,  booktitle = "MSST '05" }
@Proceedings{MSST06,  booktitle = "MSST '06" }
@Proceedings{MSST07,  booktitle = "MSST '07" }
@Proceedings{MSST08,  booktitle = "MSST '08" }
@Proceedings{MSST09,  booktitle = "MSST '09" }

@Proceedings{MSST10,  booktitle = "MSST '10" }
@Proceedings{MSST11,  booktitle = "MSST '11" }
@Proceedings{MSST12,  booktitle = "MSST '12" }
@Proceedings{MSST13,  booktitle = "MSST '13" }
@Proceedings{MSST14,  booktitle = "MSST '14" }
@Proceedings{MSST15,  booktitle = "MSST '15" }
@Proceedings{MSST16,  booktitle = "MSST '16" }
@Proceedings{MSST17,  booktitle = "MSST '17" }
@Proceedings{MSST18,  booktitle = "MSST '18" }
@Proceedings{MSST19,  booktitle = "MSST '19" }


% NSDI


@Proceedings{NSDI00,  booktitle = "NSDI '00" }
@Proceedings{NSDI01,  booktitle = "NSDI '01" }
@Proceedings{NSDI02,  booktitle = "NSDI '02" }
@Proceedings{NSDI03,  booktitle = "NSDI '03" }
@Proceedings{NSDI04,  booktitle = "NSDI '04" }
@Proceedings{NSDI05,  booktitle = "NSDI '05" }
@Proceedings{NSDI06,  booktitle = "NSDI '06" }
@Proceedings{NSDI07,  booktitle = "NSDI '07" }
@Proceedings{NSDI08,  booktitle = "NSDI '08" }
@Proceedings{NSDI09,  booktitle = "NSDI '09" }

@Proceedings{NSDI10,  booktitle = "NSDI '10" }
@Proceedings{NSDI11,  booktitle = "NSDI '11" }
@Proceedings{NSDI12,  booktitle = "NSDI '12" }
@Proceedings{NSDI13,  booktitle = "NSDI '13" }
@Proceedings{NSDI14,  booktitle = "NSDI '14" }
@Proceedings{NSDI15,  booktitle = "NSDI '15" }
@Proceedings{NSDI16,  booktitle = "NSDI '16" }
@Proceedings{NSDI17,  booktitle = "NSDI '17" }
@Proceedings{NSDI18,  booktitle = "NSDI '18" }
@Proceedings{NSDI19,  booktitle = "NSDI '19" }



%
% OLS
%


@Proceedings{OLS06,  booktitle = "OLS '06", }

@Proceedings{OOPSLA03,  booktitle  = {OOPSLA '03}, }
@Proceedings{OOPSLA10,  booktitle  = "OOPSLA '10", }
@Proceedings{OOPSLA11,  booktitle  = "OOPSLA '11", }
@Proceedings{OOPSLA14,  booktitle  = "OOPSLA '14", }


% OSDI 

@Proceedings{OSDI91,  booktitle = "OSDI '91" }
@Proceedings{OSDI92,  booktitle = "OSDI '92" }
@Proceedings{OSDI93,  booktitle = "OSDI '93" }
@Proceedings{OSDI94,  booktitle = "OSDI '94" }
@Proceedings{OSDI95,  booktitle = "OSDI '95" }
@Proceedings{OSDI96,  booktitle = "OSDI '96" }
@Proceedings{OSDI97,  booktitle = "OSDI '97" }
@Proceedings{OSDI98,  booktitle = "OSDI '98" }
@Proceedings{OSDI99,  booktitle = "OSDI '99" }

@Proceedings{OSDI00,  booktitle = "OSDI '00" }
@Proceedings{OSDI01,  booktitle = "OSDI '01" }
@Proceedings{OSDI02,  booktitle = "OSDI '02" }
@Proceedings{OSDI03,  booktitle = "OSDI '03" }
@Proceedings{OSDI04,  booktitle = "OSDI '04" }
@Proceedings{OSDI05,  booktitle = "OSDI '05" }
@Proceedings{OSDI06,  booktitle = "OSDI '06" }
@Proceedings{OSDI07,  booktitle = "OSDI '07" }
@Proceedings{OSDI08,  booktitle = "OSDI '08" }
@Proceedings{OSDI09,  booktitle = "OSDI '09" }

@Proceedings{OSDI10,  booktitle = "OSDI '10" }
@Proceedings{OSDI11,  booktitle = "OSDI '11" }
@Proceedings{OSDI12,  booktitle = "OSDI '12" }
@Proceedings{OSDI13,  booktitle = "OSDI '13" }
@Proceedings{OSDI14,  booktitle = "OSDI '14" }
@Proceedings{OSDI15,  booktitle = "OSDI '15" }
@Proceedings{OSDI16,  booktitle = "OSDI '16" }
@Proceedings{OSDI17,  booktitle = "OSDI '17" }
@Proceedings{OSDI18,  booktitle = "OSDI '18" }
@Proceedings{OSDI19,  booktitle = "OSDI '19" }




@Proceedings{PASTE01,  booktitle = "PASTE '01", }


% PLDI 

@Proceedings{PLDI00,  booktitle = "PLDI '00" }
@Proceedings{PLDI01,  booktitle = "PLDI '01" }
@Proceedings{PLDI02,  booktitle = "PLDI '02" }
@Proceedings{PLDI03,  booktitle = "PLDI '03" }
@Proceedings{PLDI04,  booktitle = "PLDI '04" }
@Proceedings{PLDI05,  booktitle = "PLDI '05" }
@Proceedings{PLDI06,  booktitle = "PLDI '06" }
@Proceedings{PLDI07,  booktitle = "PLDI '07" }
@Proceedings{PLDI08,  booktitle = "PLDI '08" }
@Proceedings{PLDI09,  booktitle = "PLDI '09" }

@Proceedings{PLDI10,  booktitle = "PLDI '10" }
@Proceedings{PLDI11,  booktitle = "PLDI '11" }
@Proceedings{PLDI12,  booktitle = "PLDI '12" }
@Proceedings{PLDI13,  booktitle = "PLDI '13" }
@Proceedings{PLDI14,  booktitle = "PLDI '14" }
@Proceedings{PLDI15,  booktitle = "PLDI '15" }
@Proceedings{PLDI16,  booktitle = "PLDI '16" }
@Proceedings{PLDI17,  booktitle = "PLDI '17" }
@Proceedings{PLDI18,  booktitle = "PLDI '18" }
@Proceedings{PLDI19,  booktitle = "PLDI '19" }



% PODC

@Proceedings{PODC07,  booktitle = "PODC '07", }


% POPL


@Proceedings{POPL70,  booktitle = "POPL '70" }
@Proceedings{POPL71,  booktitle = "POPL '71" }
@Proceedings{POPL72,  booktitle = "POPL '72" }
@Proceedings{POPL73,  booktitle = "POPL '73" }
@Proceedings{POPL74,  booktitle = "POPL '74" }
@Proceedings{POPL75,  booktitle = "POPL '75" }
@Proceedings{POPL76,  booktitle = "POPL '76" }
@Proceedings{POPL77,  booktitle = "POPL '77" }
@Proceedings{POPL78,  booktitle = "POPL '78" }
@Proceedings{POPL79,  booktitle = "POPL '79" }

@Proceedings{POPL80,  booktitle = "POPL '80" }
@Proceedings{POPL81,  booktitle = "POPL '81" }
@Proceedings{POPL82,  booktitle = "POPL '82" }
@Proceedings{POPL83,  booktitle = "POPL '83" }
@Proceedings{POPL84,  booktitle = "POPL '84" }
@Proceedings{POPL85,  booktitle = "POPL '85" }
@Proceedings{POPL86,  booktitle = "POPL '86" }
@Proceedings{POPL87,  booktitle = "POPL '87" }
@Proceedings{POPL88,  booktitle = "POPL '88" }
@Proceedings{POPL89,  booktitle = "POPL '89" }

@Proceedings{POPL91,  booktitle = "POPL '91" }
@Proceedings{POPL92,  booktitle = "POPL '92" }
@Proceedings{POPL93,  booktitle = "POPL '93" }
@Proceedings{POPL94,  booktitle = "POPL '94" }
@Proceedings{POPL95,  booktitle = "POPL '95" }
@Proceedings{POPL96,  booktitle = "POPL '96" }
@Proceedings{POPL97,  booktitle = "POPL '97" }
@Proceedings{POPL98,  booktitle = "POPL '98" }
@Proceedings{POPL99,  booktitle = "POPL '99" }

@Proceedings{POPL00,  booktitle = "POPL '00" }
@Proceedings{POPL01,  booktitle = "POPL '01" }
@Proceedings{POPL02,  booktitle = "POPL '02" }
@Proceedings{POPL03,  booktitle = "POPL '03" }
@Proceedings{POPL04,  booktitle = "POPL '04" }
@Proceedings{POPL05,  booktitle = "POPL '05" }
@Proceedings{POPL06,  booktitle = "POPL '06" }
@Proceedings{POPL07,  booktitle = "POPL '07" }
@Proceedings{POPL08,  booktitle = "POPL '08" }
@Proceedings{POPL09,  booktitle = "POPL '09" }

@Proceedings{POPL10,  booktitle = "POPL '10" }
@Proceedings{POPL11,  booktitle = "POPL '11" }
@Proceedings{POPL12,  booktitle = "POPL '12" }
@Proceedings{POPL13,  booktitle = "POPL '13" }
@Proceedings{POPL14,  booktitle = "POPL '14" }
@Proceedings{POPL15,  booktitle = "POPL '15" }
@Proceedings{POPL16,  booktitle = "POPL '16" }
@Proceedings{POPL17,  booktitle = "POPL '17" }
@Proceedings{POPL18,  booktitle = "POPL '18" }
@Proceedings{POPL19,  booktitle = "POPL '19" }

% R
@Proceedings{RV12,  booktitle = "RV '12" }

@Proceedings{RTAS04,  booktitle = "RTAS '04" }
@Proceedings{RTAS05,  booktitle = "RTAS '05" }
@Proceedings{RTAS08,  booktitle = "RTAS '08" }
@Proceedings{RTAS12,  booktitle = "RTAS '12" }
@Proceedings{RTAS13,  booktitle = "RTAS '13" }

@Proceedings{RTSS07,  booktitle = "RTSS '07" }

% -------

% SC

@Proceedings{SC00,  booktitle = "SC '00" }
@Proceedings{SC01,  booktitle = "SC '01" }
@Proceedings{SC02,  booktitle = "SC '02" }
@Proceedings{SC03,  booktitle = "SC '03" }
@Proceedings{SC04,  booktitle = "SC '04" }
@Proceedings{SC05,  booktitle = "SC '05" }
@Proceedings{SC06,  booktitle = "SC '06" }
@Proceedings{SC07,  booktitle = "SC '07" }
@Proceedings{SC08,  booktitle = "SC '08" }
@Proceedings{SC09,  booktitle = "SC '09" }

@Proceedings{SC10,  booktitle = "SC '10" }
@Proceedings{SC11,  booktitle = "SC '11" }
@Proceedings{SC12,  booktitle = "SC '12" }
@Proceedings{SC13,  booktitle = "SC '13" }
@Proceedings{SC14,  booktitle = "SC '14" }
@Proceedings{SC15,  booktitle = "SC '15" }
@Proceedings{SC16,  booktitle = "SC '16" }
@Proceedings{SC17,  booktitle = "SC '17" }
@Proceedings{SC18,  booktitle = "SC '18" }
@Proceedings{SC19,  booktitle = "SC '19" }


% sigcomm

@Proceedings{SIGCOMM99,  booktitle = "SIGCOMM '99",}
@Proceedings{SIGCOMM01,  booktitle = "SIGCOMM '01",}
@Proceedings{SIGCOMM03,  booktitle = "SIGCOMM '03",}
@Proceedings{SIGCOMM10,  booktitle = "SIGCOMM '10",}
@Proceedings{SIGCOMM11,  booktitle = "SIGCOMM '11",}
@Proceedings{SIGCOMM13,  booktitle = "SIGCOMM '13",}


% SIGMETRICS

@Proceedings{SIGMETRICS70,  booktitle = "SIGMETRICS '70" }
@Proceedings{SIGMETRICS71,  booktitle = "SIGMETRICS '71" }
@Proceedings{SIGMETRICS72,  booktitle = "SIGMETRICS '72" }
@Proceedings{SIGMETRICS73,  booktitle = "SIGMETRICS '73" }
@Proceedings{SIGMETRICS74,  booktitle = "SIGMETRICS '74" }
@Proceedings{SIGMETRICS75,  booktitle = "SIGMETRICS '75" }
@Proceedings{SIGMETRICS76,  booktitle = "SIGMETRICS '76" }
@Proceedings{SIGMETRICS77,  booktitle = "SIGMETRICS '77" }
@Proceedings{SIGMETRICS78,  booktitle = "SIGMETRICS '78" }
@Proceedings{SIGMETRICS79,  booktitle = "SIGMETRICS '79" }

@Proceedings{SIGMETRICS80,  booktitle = "SIGMETRICS '80" }
@Proceedings{SIGMETRICS81,  booktitle = "SIGMETRICS '81" }
@Proceedings{SIGMETRICS82,  booktitle = "SIGMETRICS '82" }
@Proceedings{SIGMETRICS83,  booktitle = "SIGMETRICS '83" }
@Proceedings{SIGMETRICS84,  booktitle = "SIGMETRICS '84" }
@Proceedings{SIGMETRICS85,  booktitle = "SIGMETRICS '85" }
@Proceedings{SIGMETRICS86,  booktitle = "SIGMETRICS '86" }
@Proceedings{SIGMETRICS87,  booktitle = "SIGMETRICS '87" }
@Proceedings{SIGMETRICS88,  booktitle = "SIGMETRICS '88" }
@Proceedings{SIGMETRICS89,  booktitle = "SIGMETRICS '89" }

@Proceedings{SIGMETRICS91,  booktitle = "SIGMETRICS '91" }
@Proceedings{SIGMETRICS92,  booktitle = "SIGMETRICS '92" }
@Proceedings{SIGMETRICS93,  booktitle = "SIGMETRICS '93" }
@Proceedings{SIGMETRICS94,  booktitle = "SIGMETRICS '94" }
@Proceedings{SIGMETRICS95,  booktitle = "SIGMETRICS '95" }
@Proceedings{SIGMETRICS96,  booktitle = "SIGMETRICS '96" }
@Proceedings{SIGMETRICS97,  booktitle = "SIGMETRICS '97" }
@Proceedings{SIGMETRICS98,  booktitle = "SIGMETRICS '98" }
@Proceedings{SIGMETRICS99,  booktitle = "SIGMETRICS '99" }

@Proceedings{SIGMETRICS00,  booktitle = "SIGMETRICS '00" }
@Proceedings{SIGMETRICS01,  booktitle = "SIGMETRICS '01" }
@Proceedings{SIGMETRICS02,  booktitle = "SIGMETRICS '02" }
@Proceedings{SIGMETRICS03,  booktitle = "SIGMETRICS '03" }
@Proceedings{SIGMETRICS04,  booktitle = "SIGMETRICS '04" }
@Proceedings{SIGMETRICS05,  booktitle = "SIGMETRICS '05" }
@Proceedings{SIGMETRICS06,  booktitle = "SIGMETRICS '06" }
@Proceedings{SIGMETRICS07,  booktitle = "SIGMETRICS '07" }
@Proceedings{SIGMETRICS08,  booktitle = "SIGMETRICS '08" }
@Proceedings{SIGMETRICS09,  booktitle = "SIGMETRICS '09" }

@Proceedings{SIGMETRICS10,  booktitle = "SIGMETRICS '10" }
@Proceedings{SIGMETRICS11,  booktitle = "SIGMETRICS '11" }
@Proceedings{SIGMETRICS12,  booktitle = "SIGMETRICS '12" }
@Proceedings{SIGMETRICS13,  booktitle = "SIGMETRICS '13" }
@Proceedings{SIGMETRICS14,  booktitle = "SIGMETRICS '14" }
@Proceedings{SIGMETRICS15,  booktitle = "SIGMETRICS '15" }
@Proceedings{SIGMETRICS16,  booktitle = "SIGMETRICS '16" }
@Proceedings{SIGMETRICS17,  booktitle = "SIGMETRICS '17" }
@Proceedings{SIGMETRICS18,  booktitle = "SIGMETRICS '18" }
@Proceedings{SIGMETRICS19,  booktitle = "SIGMETRICS '19" }



% SIGMOD

@Proceedings{SIGMOD70,  booktitle = "SIGMOD '70" }
@Proceedings{SIGMOD71,  booktitle = "SIGMOD '71" }
@Proceedings{SIGMOD72,  booktitle = "SIGMOD '72" }
@Proceedings{SIGMOD73,  booktitle = "SIGMOD '73" }
@Proceedings{SIGMOD74,  booktitle = "SIGMOD '74" }
@Proceedings{SIGMOD75,  booktitle = "SIGMOD '75" }
@Proceedings{SIGMOD76,  booktitle = "SIGMOD '76" }
@Proceedings{SIGMOD77,  booktitle = "SIGMOD '77" }
@Proceedings{SIGMOD78,  booktitle = "SIGMOD '78" }
@Proceedings{SIGMOD79,  booktitle = "SIGMOD '79" }

@Proceedings{SIGMOD80,  booktitle = "SIGMOD '80" }
@Proceedings{SIGMOD81,  booktitle = "SIGMOD '81" }
@Proceedings{SIGMOD82,  booktitle = "SIGMOD '82" }
@Proceedings{SIGMOD83,  booktitle = "SIGMOD '83" }
@Proceedings{SIGMOD84,  booktitle = "SIGMOD '84" }
@Proceedings{SIGMOD85,  booktitle = "SIGMOD '85" }
@Proceedings{SIGMOD86,  booktitle = "SIGMOD '86" }
@Proceedings{SIGMOD87,  booktitle = "SIGMOD '87" }
@Proceedings{SIGMOD88,  booktitle = "SIGMOD '88" }
@Proceedings{SIGMOD89,  booktitle = "SIGMOD '89" }

@Proceedings{SIGMOD91,  booktitle = "SIGMOD '91" }
@Proceedings{SIGMOD92,  booktitle = "SIGMOD '92" }
@Proceedings{SIGMOD93,  booktitle = "SIGMOD '93" }
@Proceedings{SIGMOD94,  booktitle = "SIGMOD '94" }
@Proceedings{SIGMOD95,  booktitle = "SIGMOD '95" }
@Proceedings{SIGMOD96,  booktitle = "SIGMOD '96" }
@Proceedings{SIGMOD97,  booktitle = "SIGMOD '97" }
@Proceedings{SIGMOD98,  booktitle = "SIGMOD '98" }
@Proceedings{SIGMOD99,  booktitle = "SIGMOD '99" }

@Proceedings{SIGMOD00,  booktitle = "SIGMOD '00" }
@Proceedings{SIGMOD01,  booktitle = "SIGMOD '01" }
@Proceedings{SIGMOD02,  booktitle = "SIGMOD '02" }
@Proceedings{SIGMOD03,  booktitle = "SIGMOD '03" }
@Proceedings{SIGMOD04,  booktitle = "SIGMOD '04" }
@Proceedings{SIGMOD05,  booktitle = "SIGMOD '05" }
@Proceedings{SIGMOD06,  booktitle = "SIGMOD '06" }
@Proceedings{SIGMOD07,  booktitle = "SIGMOD '07" }
@Proceedings{SIGMOD08,  booktitle = "SIGMOD '08" }
@Proceedings{SIGMOD09,  booktitle = "SIGMOD '09" }

@Proceedings{SIGMOD10,  booktitle = "SIGMOD '10" }
@Proceedings{SIGMOD11,  booktitle = "SIGMOD '11" }
@Proceedings{SIGMOD12,  booktitle = "SIGMOD '12" }
@Proceedings{SIGMOD13,  booktitle = "SIGMOD '13" }
@Proceedings{SIGMOD14,  booktitle = "SIGMOD '14" }
@Proceedings{SIGMOD15,  booktitle = "SIGMOD '15" }
@Proceedings{SIGMOD16,  booktitle = "SIGMOD '16" }
@Proceedings{SIGMOD17,  booktitle = "SIGMOD '17" }
@Proceedings{SIGMOD18,  booktitle = "SIGMOD '18" }
@Proceedings{SIGMOD19,  booktitle = "SIGMOD '19" }




% SOCC


@Proceedings{SOCC00,  booktitle = "SoCC '00" }
@Proceedings{SOCC01,  booktitle = "SoCC '01" }
@Proceedings{SOCC02,  booktitle = "SoCC '02" }
@Proceedings{SOCC03,  booktitle = "SoCC '03" }
@Proceedings{SOCC04,  booktitle = "SoCC '04" }
@Proceedings{SOCC05,  booktitle = "SoCC '05" }
@Proceedings{SOCC06,  booktitle = "SoCC '06" }
@Proceedings{SOCC07,  booktitle = "SoCC '07" }
@Proceedings{SOCC08,  booktitle = "SoCC '08" }
@Proceedings{SOCC09,  booktitle = "SoCC '09" }

@Proceedings{SOCC10,  booktitle = "SoCC '10" }
@Proceedings{SOCC11,  booktitle = "SoCC '11" }
@Proceedings{SOCC12,  booktitle = "SoCC '12" }
@Proceedings{SOCC13,  booktitle = "SoCC '13" }
@Proceedings{SOCC14,  booktitle = "SoCC '14" }
@Proceedings{SOCC15,  booktitle = "SoCC '15" }
@Proceedings{SOCC16,  booktitle = "SoCC '16" }
@Proceedings{SOCC17,  booktitle = "SoCC '17" }
@Proceedings{SOCC18,  booktitle = "SoCC '18" }
@Proceedings{SOCC19,  booktitle = "SoCC '19" }



% SOSP

@Proceedings{SOSP70,  booktitle = "SOSP '70" }
@Proceedings{SOSP71,  booktitle = "SOSP '71" }
@Proceedings{SOSP72,  booktitle = "SOSP '72" }
@Proceedings{SOSP73,  booktitle = "SOSP '73" }
@Proceedings{SOSP74,  booktitle = "SOSP '74" }
@Proceedings{SOSP75,  booktitle = "SOSP '75" }
@Proceedings{SOSP76,  booktitle = "SOSP '76" }
@Proceedings{SOSP77,  booktitle = "SOSP '77" }
@Proceedings{SOSP78,  booktitle = "SOSP '78" }
@Proceedings{SOSP79,  booktitle = "SOSP '79" }

@Proceedings{SOSP80,  booktitle = "SOSP '80" }
@Proceedings{SOSP81,  booktitle = "SOSP '81" }
@Proceedings{SOSP82,  booktitle = "SOSP '82" }
@Proceedings{SOSP83,  booktitle = "SOSP '83" }
@Proceedings{SOSP84,  booktitle = "SOSP '84" }
@Proceedings{SOSP85,  booktitle = "SOSP '85" }
@Proceedings{SOSP86,  booktitle = "SOSP '86" }
@Proceedings{SOSP87,  booktitle = "SOSP '87" }
@Proceedings{SOSP88,  booktitle = "SOSP '88" }
@Proceedings{SOSP89,  booktitle = "SOSP '89" }

@Proceedings{SOSP91,  booktitle = "SOSP '91" }
@Proceedings{SOSP92,  booktitle = "SOSP '92" }
@Proceedings{SOSP93,  booktitle = "SOSP '93" }
@Proceedings{SOSP94,  booktitle = "SOSP '94" }
@Proceedings{SOSP95,  booktitle = "SOSP '95" }
@Proceedings{SOSP96,  booktitle = "SOSP '96" }
@Proceedings{SOSP97,  booktitle = "SOSP '97" }
@Proceedings{SOSP98,  booktitle = "SOSP '98" }
@Proceedings{SOSP99,  booktitle = "SOSP '99" }

@Proceedings{SOSP00,  booktitle = "SOSP '00" }
@Proceedings{SOSP01,  booktitle = "SOSP '01" }
@Proceedings{SOSP02,  booktitle = "SOSP '02" }
@Proceedings{SOSP03,  booktitle = "SOSP '03" }
@Proceedings{SOSP04,  booktitle = "SOSP '04" }
@Proceedings{SOSP05,  booktitle = "SOSP '05" }
@Proceedings{SOSP06,  booktitle = "SOSP '06" }
@Proceedings{SOSP07,  booktitle = "SOSP '07" }
@Proceedings{SOSP08,  booktitle = "SOSP '08" }
@Proceedings{SOSP09,  booktitle = "SOSP '09" }

@Proceedings{SOSP10,  booktitle = "SOSP '10" }
@Proceedings{SOSP11,  booktitle = "SOSP '11" }
@Proceedings{SOSP12,  booktitle = "SOSP '12" }
@Proceedings{SOSP13,  booktitle = "SOSP '13" }
@Proceedings{SOSP14,  booktitle = "SOSP '14" }
@Proceedings{SOSP15,  booktitle = "SOSP '15" }
@Proceedings{SOSP16,  booktitle = "SOSP '16" }
@Proceedings{SOSP17,  booktitle = "SOSP '17" }
@Proceedings{SOSP18,  booktitle = "SOSP '18" }
@Proceedings{SOSP19,  booktitle = "SOSP '19" }

% ------
@Proceedings{SSV10, booktitle = "SSV '10", }

@Proceedings{STOC97,  booktitle  = {STOC '97},}

@Proceedings{STORAGESS06,  booktitle  = {StorageSS '06},}

@Proceedings{SUSTAINIT10,  booktitle = {SustainIT '10},}

@Proceedings{SYSTOR11,  booktitle = {SYSTOR '11},}

@Proceedings{SYSTOR15,  booktitle = {SYSTOR '15},}

%
% T
%

@Proceedings{TACAS97, booktitle = "TACAS '97", }


@Proceedings{TRUCB201098,  booktitle = "{TR UCB/EECS-2010-98}", }

@Proceedings{TRIOS13, booktitle = "TRIOS '13", }

% USENIX SECURITY

@PROCEEDINGS{USENIX-SEC05,  booktitle = "Usenix Security '05", }
@PROCEEDINGS{USENIX-SEC09,  booktitle = "Usenix Security '09", }


@Proceedings{USENIX-SUMMER84,  booktitle = {USENIX Summer '84}, }
@Proceedings{USENIX-SUMMER86,  booktitle = {USENIX Summer '86}, }
@Proceedings{USENIX-WINTER89,  booktitle = {USENIX Winter '89}, }
@Proceedings{USENIX-WINTER91,  booktitle = {USENIX Winter '91}, }
@Proceedings{USENIX-WINTER92,  booktitle = {USENIX Winter '92}, }
@Proceedings{USENIX-WINTER93,  booktitle = "USENIX Winter '93", }
@Proceedings{USENIX-WINTER94,  booktitle = "USENIX Winter '94", }
@Proceedings{USENIX-SUMMER94,  booktitle = "USENIX Summer '94", }
@Proceedings{USENIX95,  booktitle = {USENIX '95}, }
@Proceedings{USENIX96,  booktitle = {USENIX '96}, }
@Proceedings{USENIX98,  booktitle = {USENIX '98}, }
@Proceedings{USENIX99,  booktitle = {USENIX '99}, }
@Proceedings{USENIX00,  booktitle = {USENIX '00}, }
@Proceedings{USENIX01,  booktitle = {USENIX '01}, }
@Proceedings{USENIX02,  booktitle = {USENIX '02}, }
@Proceedings{USENIX03,  booktitle = {USENIX '03}, }
@Proceedings{USENIX04,  booktitle = {USENIX '04}, }
@Proceedings{USENIX05,  booktitle = {USENIX '05}, }
@Proceedings{USENIX06,  booktitle = {USENIX '06}, }
@Proceedings{USENIX07,  booktitle = {USENIX '07}, }
@Proceedings{USENIX08,  booktitle = {USENIX '08}, }
@Proceedings{USENIX09,  booktitle = "USENIX '09", }
@Proceedings{USENIX10-NOMORE-BECOMES-ATC,  booktitle = "NO MORE BECOMES ATC IN 2010", }


@Proceedings{USENIX98-Secure,  booktitle = {USENIX '98 Security}, }

@Proceedings{USENIX-NT00,  booktitle = "USENIX Windows", }


@Proceedings{USITS03,  booktitle = "USITS '03", }


@Proceedings{VLDB88,  booktitle = {VLDB '88}, }
@Proceedings{VLDB90,  booktitle = {VLDB '90}, }
@Proceedings{VLDB94,  booktitle = {VLDB '94}, }
@Proceedings{VLDB99,  booktitle = {VLDB '99}, }
@Proceedings{VLDB04,  booktitle = {VLDB '04}, }
@Proceedings{VLDB10,  booktitle = {VLDB '10}, }
@Proceedings{VLDB12,  booktitle = {VLDB '12}, }
@Proceedings{VLDB13,  booktitle = {VLDB '13}, }
@Proceedings{VLDB14,  booktitle = {VLDB '14}, }
@Proceedings{VLDB15,  booktitle = {VLDB '15}, }
@Proceedings{VLDB16,  booktitle = {VLDB '16}, }
@Proceedings{VLDB17,  booktitle = {VLDB '17}, }
@Proceedings{VLDB18,  booktitle = {VLDB '18}, }
@Proceedings{VLDB19,  booktitle = {VLDB '19}, }
@Proceedings{VLDB20,  booktitle = {VLDB '20}, }

@proceedings{VMCAI04,  booktitle = "VMCAI '04", }

@Proceedings{VSTTE05,  booktitle = "VSTTE '05", }

@Proceedings{WAIM13,  booktitle = "WAIM '13", }

@Proceedings{WDB02,  booktitle = "WDB '02", }

@Proceedings{WIAPP03,  booktitle = "WIAPP '06", }

@Proceedings{WIOSCA06,  booktitle = "WIOSCA '06", }


% WREN

@Proceedings{WREN09,  booktitle = "WREN09" }

% WODA 

@Proceedings{WODA09,  booktitle = "WODA '09", }


@Proceedings{HOTPAR11,  booktitle = "HOTPAR '11", }

@Proceedings{ICDMW10,  booktitle = "ICDMW '10", }

